
@article{baltar__Crescimento,
  ids = {baltar_crescimento_nodate},
  title = {{Crescimento da Economia e Mercado de Trabalho no Brasil}},
  author = {Baltar, Paulo},
  pages = {64},
  file = {Baltar - CRESCIMENTO DA ECONOMIA E MERCADO DE TRABALHO NO B.pdf:/home/gpetrini/Zotero/storage/H9MYLK3U/Baltar - CRESCIMENTO DA ECONOMIA E MERCADO DE TRABALHO NO B.pdf:application/pdf;Baltar - CRESCIMENTO DA ECONOMIA E MERCADO DE TRABALHO NO B.pdf:/home/gpetrini/Zotero/storage/TQNRII4S/Baltar - CRESCIMENTO DA ECONOMIA E MERCADO DE TRABALHO NO B.pdf:application/pdf},
  language = {pt},
  timestamp = {2020-12-21T14:46:54Z}
}

@article{barba_rising_2009,
  title = {Rising Household Debt: {{Its}} Causes and Macroeconomic Implications - {{A}} Long-Period Analysis},
  author = {Barba, Aldo and Pivetti, Massimo},
  year = {2009},
  abstract = {The article analyses the rise in household indebtedness from the point of view of its causes and long-run macroeconomic implications. The analysis is focussed on the US case. Differently from life-cycle interpretations of the phenomenon, and from interpretations in terms of erratic deviations of current income flows from their long-run trend, the rising household debt is viewed as the outcome of persistent changes in income distribution and growing income inequalities. Through household debt, low wages appear to have been brought to coexist with relatively high levels of aggregate demand, thus providing the solution to the contradiction between the necessity of high and rising consumption levels, for the growth of the system's actual output, and a framework of antagonistic conditions of distribution which keeps within limits the real income of the vast majority of society. The question of the long-run sustainability of this substitution of loans for wages is finally discussed. Reprinted by permission of Oxford University Press},
  file = {Barba, Pivetti_2009_Rising household debt Its causes and macroeconomic implications - A long-period analysis:/home/gpetrini/Zotero/storage/VUS4HDUH/Barba, Pivetti_2009_Rising household debt Its causes and macroeconomic implications - A long-period analysis.pdf:application/pdf},
  journal = {Cambridge Journal of Economics},
  keywords = {Fichado,METADATA,Principal,REVISTO},
  timestamp = {2019-07-05T19:32:23Z}
}

@article{biancareli_uma_nodate-1,
  title = {{Uma nova realidade do setor externo brasileiro, em meio \`a crise internacional}},
  author = {Biancareli, Andr{\'e} Martins},
  pages = {49},
  file = {Biancareli - UMA NOVA REALIDADE DO SETOR EXTERNO BRASILEIRO, EM.pdf:/home/gpetrini/Zotero/storage/6QUH88K2/Biancareli - UMA NOVA REALIDADE DO SETOR EXTERNO BRASILEIRO, EM.pdf:application/pdf},
  journal = {redeD},
  language = {pt},
  number = {13},
  series = {{Textos para discuss\~ao}},
  timestamp = {2018-12-10T11:56:27Z}
}

@article{biancarelli_era_2014,
  title = {{A Era Lula e sua quest\~ao econ\^omica principal crescimento, mercado interno e distribui\c{c}\~ao de renda}},
  author = {Biancarelli, Andr{\'e} M.},
  year = {2014},
  month = may,
  volume = {0},
  pages = {263},
  issn = {2316-901X, 0020-3874},
  doi = {10.11606/issn.2316-901X.v0i58p263-288},
  url = {http://www.revistas.usp.br/rieb/article/view/82400},
  urldate = {2018-12-04},
  abstract = {The goal of this paper is to discuss the distinctive aspect of Lula's Era in economic issues: the positive interactions between social and economic dimensions. The central hypothesis is that the social side of recent development strategy is defensible not only in moral grounds, but also is the best option in the difficult current context. The sections of the text are dedicated to discuss: the historical background; the transformations and the positive numbers during Lula's mandate (2003-2010); the worse performance and major challenges faced by Dilma's government (since 2011) and, finally, some ideas and priorities to renew and deepen this ``social-developmentalism''.},
  file = {Biancarelli - 2014 - A Era Lula e sua questão econômica principal cresc.pdf:/home/gpetrini/Zotero/storage/L825LLEV/Biancarelli - 2014 - A Era Lula e sua questão econômica principal cresc.pdf:application/pdf},
  journal = {Revista do Instituto de Estudos Brasileiros},
  language = {pt},
  number = {58},
  timestamp = {2018-12-04T19:20:16Z}
}

@incollection{correa_notas_2013,
  title = {{Notas sobre as din\^amicas relacionadas do consumo das fam\'ilias, da forma\c{c}\~ao bruta de capital fixo e das finan\c{c}as p\'ublicas brasileiras no per\'iodo 2004-2012}},
  booktitle = {{Padr\~ao de acumula\c{c}\~ao e desenvolvimento brasileiro}},
  author = {Corr{\^e}a, Vanessa Petrelli and Dos Santos, Cl{\'a}udio Hamilton Matos},
  editor = {Corr{\^e}a, Vanessa Petrelli},
  year = {2013},
  publisher = {{Editora Funda\c{c}\~ao Perseu Abramo}},
  address = {{S\~ao Paulo}},
  keywords = {FICHAR,REVISTO},
  language = {pt},
  timestamp = {2018-07-23T00:34:22Z}
}

@incollection{de_freitas_pattern_2013,
  title = {The {{Pattern}} of {{Economic Growth}} of the {{Brazilian Economy}} 1970\textendash 2005: {{A Demand}}-{{Led Growth Perspective}}},
  shorttitle = {The {{Pattern}} of {{Economic Growth}} of the {{Brazilian Economy}} 1970\textendash 2005},
  booktitle = {Sraffa and the {{Reconstruction}} of {{Economic Theory}}: {{Volume Two}}: {{Aggregate Demand}}, {{Policy Analysis}} and {{Growth}}},
  author = {Freitas, Fabio N. P. and Dweck, Esther},
  editor = {Levrero, Enrico Sergio and Palumbo, Antonella and Stirati, Antonella},
  year = {2013},
  pages = {158--191},
  publisher = {{Palgrave Macmillan UK}},
  address = {{London}},
  doi = {10.1057/9781137319166_8},
  url = {https://doi.org/10.1057/9781137319166_8},
  urldate = {2018-12-10},
  abstract = {The present work analyses the pattern of economic growth prevailing in Brazil from 1970 to 2005. The analytical framework for this investigation is based on the classical supermultiplier demand-led growth model combined with the hypothesis that the balance of payments was the main potential (and often the most effective) constraint for the expansion of the Brazilian economy during the period in focus. We adopt a demand- led growth accounting methodology to analyse the Brazilian economy, based on a multi-source database compiled for this investigation.},
  file = {de Freitas_Dweck_2013_The Pattern of Economic Growth of the Brazilian Economy 1970–2005.pdf:/home/gpetrini/Zotero/storage/CL3DEF9I/de Freitas_Dweck_2013_The Pattern of Economic Growth of the Brazilian Economy 1970–2005.pdf:application/pdf},
  isbn = {978-1-137-31916-6},
  keywords = {Current Account Deficit,External Sector,Labour Productivity Growth,Pendente,Real Exchange Rate,Wage Share},
  language = {en},
  timestamp = {2019-07-05T19:39:56Z}
}

@incollection{dos_santos_notas_2013,
  title = {{Modelo de crescimento brasileiro e mudanca estrutural - avan\c{c}os e limites}},
  booktitle = {{Padr\~ao de acumula\c{c}\~ao e desenvolvimento brasileiro}},
  author = {Dos Santos, Cl{\'a}udio Hamilton Matos},
  editor = {Corr{\^e}a, Vanessa Petrelli},
  year = {2013},
  publisher = {{Editora Funda\c{c}\~ao Perseu Abramo}},
  address = {{S\~ao Paulo}},
  file = {Corrêa - Padrão de acumulação e desenvolvimento brasileiro.pdf:/home/gpetrini/Zotero/storage/SMMYGTW2/Corrêa - Padrão de acumulação e desenvolvimento brasileiro.pdf:application/pdf},
  keywords = {FICHAR,REVISTO},
  language = {pt},
  timestamp = {2018-12-10T11:52:57Z}
}

@article{henriqueCAPITALISMOSELVAGEMUM,
  title = {{O CAPITALISMO SELVAGEM UM ESTUDO SOBRE DESIGUALDADE NO BRASIL}},
  author = {Henrique, Wiln{\^e}s},
  pages = {246},
  file = {Henrique - O CAPITALISMO SELVAGEM UM ESTUDO SOBRE DESIGUALDAD.pdf:/home/gpetrini/Zotero/storage/27U4VNGC/Henrique - O CAPITALISMO SELVAGEM UM ESTUDO SOBRE DESIGUALDAD.pdf:application/pdf},
  language = {pt},
  timestamp = {2019-03-21T18:59:41Z}
}

@article{hiratuka_transformacoes_2015,
  title = {{Transforma\c{c}\~oes na estrutura produtiva global, desindustrializa\c{c}\~ao e desenvolvimento industrial no Brasil: uma contribui\c{c}\~ao ao debate}},
  author = {Hiratuka, C{\'e}lio and Sarti, Fernando},
  year = {2015},
  pages = {23},
  abstract = {This paper aims to highlight the major changes in the global economy that affect Brazilian industrial development and the strategies that could move the country toward a more robust productive structure. It is argued that the debate on deindustrialization in Brazil, although it had an important contribution to call attention to the importance of manufacturing for economic development, did not deepen the discussion about the limits and possibilities of Brazilian industrial development, precisely because it does not adequately consider that changes in the global economy, related to the global competition and the changes in the strategies of Transnational Corporations.},
  file = {Hiratuka e Sarti - 2015 - Transformações na estrutura produtiva global, desi.pdf:/home/gpetrini/Zotero/storage/Y5RRAYXH/Hiratuka e Sarti - 2015 - Transformações na estrutura produtiva global, desi.pdf:application/pdf},
  language = {pt},
  number = {255},
  timestamp = {2018-12-04T19:20:10Z}
}

@incollection{lopreato_o_2013,
  title = {O Governo {{Lula}}: Mudan\c{c}a de Paradigma Ou Puro Pragmatismo?},
  booktitle = {Caminhos Da Pol\'itica Fiscal No {{Brasil}}},
  author = {Lopreato, Francisco},
  year = {2013},
  publisher = {{Editora Unesp}},
  file = {Lopreato - 2013 - O governo Lula mudança de paradigma ou puro pragm.pdf:/home/gpetrini/Zotero/storage/R8ZZ8PQ8/Lopreato - 2013 - O governo Lula mudança de paradigma ou puro pragm.pdf:application/pdf},
  timestamp = {2018-12-05T18:51:30Z}
}

@incollection{sader_dez_2013,
  title = {{Dez anos de pol\'itica econ\^omica}},
  booktitle = {{10 anos de governos p\'os-neoliberais no Brasil: Lula e Dilma}},
  author = {Barbosa, Nelson},
  editor = {Sader, Emir and Costa, Ana Maria},
  year = {2013},
  edition = {1a edi\c{c}\~ao},
  publisher = {{Boitempo Editorial}},
  address = {{S\~ao Paulo}},
  annotation = {OCLC: 857391359},
  file = {Sader e Costa - 2013 - 10 anos de governos pós-neoliberais no Brasil Lul.pdf:/home/gpetrini/Zotero/storage/4K9Z4CS2/Sader e Costa - 2013 - 10 anos de governos pós-neoliberais no Brasil Lul.pdf:application/pdf},
  isbn = {978-85-7559-328-8},
  language = {pt},
  timestamp = {2018-12-10T11:51:39Z}
}

@incollection{serrano_acumulacao_2001,
  title = {A {{Acumula\c{c}\~ao}} e o {{Gasto Improdutivo}} Na {{Economia}} Do {{Desenvolvimento}}},
  booktitle = {Polariza\c{c}\~ao Mundial e Crescimento},
  author = {Serrano, Franklin},
  editor = {Fiori, J. L. and Medeiros, C.},
  year = {2001},
  abstract = {[ vers\~ao de 15.4.2001] I.ab Introdu\c{c}\~ao O objetivo deste trabalho \'e discutir o papel jogado nas teorias do desenvolvimento e acumula\c{c}\~ao dos n\'iveis e taxas de crescimento do que a economia pol\'itica cl\'assica chamava de 'gasto improdutivo' . A caracter\'istica marcante deste tipo de gasto \'e que ele n\~ao cria capacidade produtiva e , ao mesmo tempo, n\~ao \'e financiado pela folha de sal\'arios da economia. O termo 'gasto improdutivo' ser\'a usado neste trabalho para designar todas as despesas que ajudam a realizar (vender) o produto da economia mas n\~ao criam capacidade produtiva, menos a parte da folha salarial que retorna " automaticamente " ao conjunto das empresas e que representa o consumo induzido dos trabalhadores. 1 Como estamos interessados no papel macroecon\^omico do gasto improdutivo, vamos interpretar esta categoria de gastos num sentido amplo, independente de sua forma espec\'ifica ou do agente ou institui\c{c}\~ao que o efetue. 2 * O autor agradece o apoio financeiro do CNPq e a Fabio Freitas e Carlos Medeiros por in\'umeras discuss\~oes sobre o tema. ** do IE-UFRJ 1 Como os economistas cl\'assicos usualmente supunham que os trabalhadores n\~ao poupavam estes gastos eram com frequ\^encia referidos como gasto improdutivo do excedente. No entanto, quando levamos em conta a possibilidade de poupan\c{c}a dos trabalhadores e que estes tamb\'em podem financiar seu consumo atrav\'es do cr\'edito ou alguma riqueza acumulada fica melhor utilizar o termo mais geral 'gasto improdutivo'. 2 Isso significa que ser\~ao considerados gasto improdutivo para os prop\'ositos deste artigo todos os gastos p\'ublicos (inclusive em investimento pois n\~ao criam diretamente capacidade produtiva para o setor privado), todas as exporta\c{c}\~oes (inclusive de bens de capital, pois n\~ao criam capacidade para a economia que os exporta), o consumo financiado por cr\'edito ou pela riqueza, tanto de propriet\'arios quanto de trabalhadores e tamb\'em alguns gastos que com frequ\^encia s\~ao considerados investimento privado mas n\~ao criam capacidade produtiva como despesas empresariais em geral e em pesquisa \& desenvolvimento e em particular boa parte da constru\c{c}\~ao civil que configura em investimento residencial (compra de im\'oveis para resid\^encia). Esta classifica\c{c}\~ao corresponde ao que Garegnani(1962) chamou de 'demanda final' menos o consumo induzido da folha salarial.},
  file = {Serrano_2001_A Acumulação e o Gasto Improdutivo na Economia do Desenvolvimento:/home/gpetrini/Zotero/storage/ZYB9N5NG/Serrano_2001_A Acumulação e o Gasto Improdutivo na Economia do Desenvolvimento.pdf:application/pdf},
  keywords = {Complementar,FICHAR,REVISTO},
  timestamp = {2018-07-28T01:36:08Z}
}

@techreport{serrano_conflito_2018,
  title = {{Conflito Distributivo e o Fim da ``Breve Era de Ouro'' da Economia Brasileira}},
  author = {Serrano, Franklin and Summa, Ricardo},
  year = {2018},
  pages = {20},
  address = {{Rio de Janeiro}},
  institution = {{Instituto de Economia, Universidade Federal do Rio de Janeiro (IE-UFRJ)}},
  abstract = {O objetivo deste trabalho \'e discutir as causas principais da interrup\c{c}\~ao, a partir de 2015,do processo de crescimento com inclus\~ao social que ocorreu na economia brasileira a partir de meados dos anos 2000, processo que chamaremos de ``Breve Era de Ouro'' da economia brasileira em alus\~ao ao processo semelhante, por\'em bem mais longo e intenso, que ocorreu nos pa\'ises centrais depois da Segunda Guerra Mundial at\'e o inicio da d\'ecada de 70 do s\'eculo passado.},
  annotation = {[no prelo]},
  file = {Serrano, Franklin e Summa, Ricardo - 2018 - Conflito Distributivo e o Fim da “Breve Era de Our.pdf:/home/gpetrini/Zotero/storage/LJ7XMYID/Serrano, Franklin e Summa, Ricardo - 2018 - Conflito Distributivo e o Fim da “Breve Era de Our.pdf:application/pdf},
  keywords = {FICHAR,Principal,Publi_Futura},
  language = {pt-BR},
  timestamp = {2018-07-26T15:08:50Z}
}

@article{serrano_demanda_2015,
  title = {Demanda Agregada e a Desacelera\c{c}\~ao Do Crescimento Econ\^omico Brasileiro de 2011 a 2014},
  author = {Serrano, Franklin and Summa, Ricardo},
  year = {2015},
  pages = {1--42},
  file = {Serrano, Summa_2015_Demanda agregada e a desaceleração do crescimento econômico brasileiro de 2011 a 2014(2):/home/gpetrini/Zotero/storage/N49V99XR/Serrano, Summa_2015_Demanda agregada e a desaceleração do crescimento econômico brasileiro de 2011 a 2014(2).pdf:application/pdf;Serrano, Summa_2015_Demanda agregada e a desaceleração do crescimento econômico brasileiro de 2011 a 2014:/home/gpetrini/Zotero/storage/WCJE8NBW/Serrano, Summa_2015_Demanda agregada e a desaceleração do crescimento econômico brasileiro de 2011 a 2014.pdf:application/pdf},
  journal = {Center for economic and policy research},
  keywords = {FICHAR,Principal,REVISTO},
  timestamp = {2018-07-15T13:29:27Z}
}

@phdthesis{serrano_sraffian_1995,
  title = {The Sraffian Supermultiplier},
  author = {Serrano, Franklin},
  year = {1995},
  address = {{Cambridge}},
  file = {Fulltext:/home/gpetrini/Zotero/storage/C9WVNTEC/Serrano - 1995 - The sraffian supermultiplier.pdf:application/pdf;Serrano_1995_The sraffian supermultiplier.pdf:/home/gpetrini/Zotero/storage/FVZQV2AN/Serrano_1995_The sraffian supermultiplier.pdf:application/pdf},
  keywords = {METADATA,REVISTO},
  school = {University of Cambridge},
  timestamp = {2018-07-18T20:28:21Z},
  type = {Tese ({{PhD}})}
}

@article{serrano_sraffian_2017,
  title = {The {{Sraffian}} Supermultiplier as an Alternative Closure for Heterodox Growth Theory},
  author = {Serrano, Franklin and Freitas, Fabio},
  year = {2017},
  month = apr,
  volume = {14},
  pages = {70--91},
  abstract = {This paper aims to show that the Sraffian supermultiplier model provides an alternative closure for the heterodox analysis of economic growth. The new closure follows from the assumption of the existence of autonomous non-capacity-creating expenditures, which implies that the ratio of the average to the marginal propensity to save is an endogenous variable whose determination allows the marginal propensity to invest to determine the saving ratio without the need for changes in income distribution. Provided it is also assumed that capitalist competition leads to gradual changes in the marginal propensity to invest in order to adjust productive capacity to demand, the new closure (in contrast to the Cambridge and neo-Kaleckian closures) allows us to reconcile demand-led growth, exogenous distribution, and a tendency towards normal capacity utilization.},
  journal = {European Journal of Economics and Economic Policies: Intervention},
  keywords = {METADATA,REVISTO},
  language = {en\_US},
  number = {1},
  timestamp = {2018-07-16T13:47:14Z}
}


