
@misc{CambridgeUniversityPressFirstCourseNetworkScience,
  title = {{{CambridgeUniversityPress}}/{{FirstCourseNetworkScience}}},
  abstract = {Tutorials, datasets, and other material associated with textbook "A First Course in Network Science" by Menczer, Fortunato \& Davis - CambridgeUniversityPress/FirstCourseNetworkScience},
  howpublished = {https://github.com/CambridgeUniversityPress/FirstCourseNetworkScience},
  journal = {GitHub},
  timestamp = {2020-09-22T13:34:52Z}
}

@article{laddExploringAnalyzingNetwork2017,
  title = {Exploring and {{Analyzing Network Data}} with {{Python}}},
  author = {Ladd, John and Otis, Jessica and Warren, Christopher N. and Weingart, Scott},
  year = {2017},
  journal = {Programming Historian},
  timestamp = {2020-04-10T13:58:54Z}
}


