
@book{minsky_2004_Induced,
  title = {Induced Investment and Business Cycles},
  author = {Minsky, Hyman P. and Papadimitriou, Dimitri B.},
  year = {2004},
  publisher = {{Edward Elgar}},
  address = {{Cheltenham, UK ; Northampton, MA}},
  file = {Minsky e Papadimitriou - 2004 - Induced investment and business cycles.pdf:/home/gpetrini/Zotero/storage/74P9H8HH/Minsky e Papadimitriou - 2004 - Induced investment and business cycles.pdf:application/pdf},
  isbn = {978-1-84376-216-4},
  keywords = {Business cycles,Capital investments,Uncertainty},
  lccn = {HG4028.C4 M47 2004},
  timestamp = {2021-04-05T14:46:38Z}
}


