
@article{dalessandroFeasibleAlternativesGreen2020,
  title = {Feasible Alternatives to Green Growth},
  author = {D'Alessandro, Simone and Cieplinski, Andr{\'e} and Distefano, Tiziano and Dittmer, Kristofer},
  year = {2020},
  month = mar,
  pages = {1--7},
  publisher = {{Nature Publishing Group}},
  issn = {2398-9629},
  doi = {10.1038/s41893-020-0484-y},
  url = {https://www.nature.com/articles/s41893-020-0484-y},
  urldate = {2020-03-12},
  abstract = {A dynamic macrosimulation study of three scenarios finds that policies for social prosperity and low-carbon emissions are economically and politically feasible.},
  copyright = {2020 The Author(s), under exclusive licence to Springer Nature Limited},
  journal = {Nature Sustainability},
  language = {en},
  timestamp = {2020-03-12T12:35:49Z}
}


