
@book{raginComparativeMethodMoving1989,
  title = {The {{Comparative Method}}: {{Moving Beyond Qualitative}} and {{Quantitative Strategies}}},
  shorttitle = {The {{Comparative Method}}},
  author = {Ragin, Charles C.},
  year = {1989},
  file = {Ragin - 1989 - The Comparative Method Moving Beyond Qualitative .pdf:/home/gpetrini/Zotero/storage/4S6SAS65/Ragin - 1989 - The Comparative Method Moving Beyond Qualitative .pdf:application/pdf},
  isbn = {978-0-520-06618-2},
  timestamp = {2019-02-18T13:24:32Z}
}


