
@book{eatwell_2011_Fall,
  title = {The {{Fall}} and {{Rise}} of {{Keynesian Economics}}},
  author = {Eatwell, John and Milgate, Murray},
  year = {2011},
  publisher = {{Oxford University Press}},
  doi = {10.1093/acprof:osobl/9780199777693.001.0001},
  url = {http://www.oxfordscholarship.com/view/10.1093/acprof:osobl/9780199777693.001.0001/acprof-9780199777693},
  urldate = {2019-04-17},
  file = {Eatwell e Milgate - 2011 - The Fall and Rise of Keynesian Economics.pdf:/home/gpetrini/Zotero/storage/H348BVK2/Eatwell e Milgate - 2011 - The Fall and Rise of Keynesian Economics.pdf:application/pdf},
  isbn = {978-0-19-977769-3},
  timestamp = {2019-04-17T17:34:59Z}
}

@incollection{eatwell_2011_Theories,
  title = {Theories of {{Value}}, {{Output}}, and {{Employment}}},
  booktitle = {The {{Fall}} and {{Rise}} of {{Keynesian Economics}}},
  author = {Eatwell, John and Milgate, Murray},
  year = {2011},
  publisher = {{Oxford University Press}},
  doi = {10.1093/acprof:osobl/9780199777693.001.0001},
  url = {http://www.oxfordscholarship.com/view/10.1093/acprof:osobl/9780199777693.001.0001/acprof-9780199777693},
  urldate = {2019-04-17},
  isbn = {978-0-19-977769-3},
  timestamp = {2020-12-08T12:47:19Z}
}

@incollection{garegnani_1983_Twoa,
  title = {Two {{Routes}} to {{Effective Demand}}: A Comment on {{Kregel}}},
  booktitle = {Distribution, {{Effective Demand}} and {{International Economic Relations}}},
  author = {Garegnani, Pierangelo},
  editor = {Kregel, J. A.},
  year = {1983},
  edition = {First},
  publisher = {{Palgrave Macmillan UK}},
  address = {{London}},
  doi = {10.1007/978-1-349-17177-4},
  url = {http://link.springer.com/10.1007/978-1-349-17177-4},
  urldate = {2020-12-07},
  file = {Garegnani - 2a Two Routes to Effective.pdf:/home/gpetrini/Zotero/storage/C9XY5W5C/Garegnani - 2a Two Routes to Effective.pdf:application/pdf},
  isbn = {978-1-349-17179-8 978-1-349-17177-4},
  timestamp = {2020-12-07T22:24:16Z}
}

@article{keynes__General,
  title = {The {{General Theory}} of {{Employment}}, {{Interest}}, and {{Money}}},
  author = {Keynes, John Maynard},
  pages = {263},
  file = {Keynes - The General Theory of Employment, Interest, and Mo.pdf:/home/gpetrini/Zotero/storage/S4E84AEU/Keynes - The General Theory of Employment, Interest, and Mo.pdf:application/pdf},
  timestamp = {2020-12-16T18:54:47Z}
}

@incollection{keynes_1936_meaning,
  title = {The Meaning of Saving and Investment Furhter Considered},
  booktitle = {The {{General Theory}} of {{Employment}}, {{Interest}}, and {{Money}}},
  author = {Keynes, John Maynard},
  year = {1936},
  pages = {263},
  file = {TEORIA GERAL DO EMPREGO, DO JURO E DA MOED - JOHN MAYNARD KEYNES.pdf:/home/gpetrini/Zotero/storage/LFA9IDGM/TEORIA GERAL DO EMPREGO, DO JURO E DA MOED - JOHN MAYNARD KEYNES.pdf:application/pdf},
  timestamp = {2020-12-16T18:58:30Z}
}

@article{keynes_1937_Teoria,
  title = {Teoria {{Geral}} Do {{Emprego}}},
  author = {Keynes, John Maynard},
  year = {1937},
  file = {Keynes - 1937 - Teoria Geral do Emprego.pdf:/home/gpetrini/Zotero/storage/2JHDPVRB/Keynes - 1937 - Teoria Geral do Emprego.pdf:application/pdf},
  timestamp = {2019-03-18T18:07:11Z}
}

@article{keynes_1939_process,
  title = {The Process of Capital Formation},
  author = {Keynes, John Maynard},
  year = {1939},
  file = {Keynes - 1939 - The process of capital formation.pdf:/home/gpetrini/Zotero/storage/5ZNDHEDW/Keynes - 1939 - The process of capital formation.pdf:application/pdf},
  journal = {Economic Journal},
  timestamp = {2020-12-16T18:54:02Z}
}

@article{serrano__SOMA,
  title = {{A SOMA DAS POUPAN\c{C}AS DETERMINA O INVESTIMENTO?}},
  author = {Serrano, Franklin},
  pages = {20},
  file = {Serrano - A SOMA DAS POUPANÇAS DETERMINA O INVESTIMENTO.pdf:/home/gpetrini/Zotero/storage/9BZHK7EI/Serrano - A SOMA DAS POUPANÇAS DETERMINA O INVESTIMENTO.pdf:application/pdf},
  timestamp = {2020-12-16T19:47:22Z}
}

@unpublished{serrano_2002_Conflito,
  title = {{Conflito distributivo e infla\c{c}\~ao de custos}},
  author = {Serrano, Franklin},
  year = {2002},
  annotation = {Mimeo},
  file = {Serrano - CONFLITO DISTRIBUTIVO E INFLAÇÃO DE CUSTOS.pdf:/home/gpetrini/Zotero/storage/FP5FISSW/Serrano - CONFLITO DISTRIBUTIVO E INFLAÇÃO DE CUSTOS.pdf:application/pdf},
  timestamp = {2021-02-18T12:42:17Z},
  type = {{Apostila}}
}

@article{serrano_2010_conflito,
  title = {{O conflito distributivo e a teoria da infla\c{c}\~ao inercial}},
  author = {Serrano, Franklin},
  year = {2010},
  volume = {14},
  pages = {395--421},
  issn = {1415-9848},
  doi = {10.1590/S1415-98482010000200007},
  url = {http://www.scielo.br/scielo.php?script=sci_arttext&pid=S1415-98482010000200007&lng=pt&tlng=pt},
  urldate = {2021-02-18},
  abstract = {This paper briefly discusses a few aspects of the evolution of the theory of inertial inflation in the Brazilian literature. Some of its main shortcomings are analyzed from a Sraffian perspective, that sees cost push inflation as being based on conflicting claims over the distribution of income.},
  file = {Serrano - 2010 - O conflito distributivo e a teoria da inflação ine.pdf:/home/gpetrini/Zotero/storage/6D5HHK66/Serrano - 2010 - O conflito distributivo e a teoria da inflação ine.pdf:application/pdf},
  journal = {Revista de Economia Contempor\^anea},
  number = {2},
  timestamp = {2021-02-18T12:36:37Z}
}

@article{serrano_2019_Sraffa,
  title = {Sraffa  e  {{Keynes}}: {{Duas}} Cr\'iticas  \`a  Tend\^encia  Ao  Pleno  Emprego  Dos  Fatores  Na Abordagem Neocl\'assica},
  author = {Serrano, Franklin},
  year = {2019},
  url = {https://www.excedente.org/wp-content/uploads/2019/01/SERRANO-F-2018-Sraffa-e-keynes-duas-criticas-c3a0-tendc3aancia-ao-pleno-emprego-dos-fatores-3outubro-2018.pdf},
  annotation = {Mimeo},
  file = {Serrano - 2019 - Sraffa  e  Keynes Duas críticas  à  tendência  ao.pdf:/home/gpetrini/Zotero/storage/SC99V9K5/Serrano - 2019 - Sraffa  e  Keynes Duas críticas  à  tendência  ao.pdf:application/pdf},
  timestamp = {2020-12-10T17:51:26Z}
}


