
@incollection{hoffmann_changes_2018,
  title = {Changes in {{Income Distribution}} in {{Brazil}}},
  booktitle = {The {{Oxford Handbook}} of the {{Brazilian Economy}}},
  author = {Hoffmann, Rodolfo},
  editor = {Amann, Edmund and Azzoni, Carlos and Baer, Werner},
  year = {2018},
  pages = {467},
  publisher = {{Oxford University Press, USA}},
  address = {{New York}},
  file = {Snapshot:/home/gpetrini/Zotero/storage/KJ36SC67/books.html:text/html},
  keywords = {REVISTO,Sem livro},
  timestamp = {2018-08-02T15:01:25Z}
}

@article{medeiros_composicao_2018,
  title = {A Composi\c{c}\~ao Da Renda No Topo Da Distribui\c{c}\~ao: Evolu\c{c}\~ao No {{Brasil}} Entre 2006 e 2012, a Partir de Informa\c{c}\~oes Do {{Imposto}} de {{Renda}}},
  author = {Medeiros, Marcelo and de Castro, F{\'a}bio {\'A}vila},
  year = {2018},
  volume = {27},
  file = {Medeiros_Castro_2018_A composição da renda no topo da distribuição.pdf:/home/gpetrini/Zotero/storage/CYCPJGID/Medeiros_Castro_2018_A composição da renda no topo da distribuição.pdf:application/pdf},
  journal = {Economia e Sociedade},
  keywords = {REVISTO},
  number = {2},
  timestamp = {2018-08-02T15:01:32Z}
}

@article{vergnhanini_universidade_2018,
  title = {{UNIVERSIDADE ESTADUAL DE CAMPINAS INSTITUTO DE ECONOMIA}},
  author = {Vergnhanini, Rodrigo},
  year = {2018},
  pages = {213},
  file = {Vergnhanini - 2018 - UNIVERSIDADE ESTADUAL DE CAMPINAS INSTITUTO DE ECO.pdf:/home/gpetrini/Zotero/storage/BXJZ8ZND/Vergnhanini - 2018 - UNIVERSIDADE ESTADUAL DE CAMPINAS INSTITUTO DE ECO.pdf:application/pdf},
  language = {pt},
  timestamp = {2018-10-16T19:45:07Z}
}


