
@article{hoffmann_distribuicao_2018,
  title = {{{DISTRIBUI\c{C}\~AO DA RENDA}}},
  author = {Hoffmann, Rodolfo},
  year = {2018},
  timestamp = {2018-09-18T12:17:50Z}
}


