
@article{araujo_income_2014,
  title = {{Income inequality and its decomposition in Brazil and in brazilian regions}},
  author = {Araujo, Jair Andrade},
  year = {2014},
  volume = {45},
  pages = {17},
  abstract = {A desigualdade de renda em pa\'ises em desenvolvimentos tende a ser menos igualit\'aria do que nos pa\'ises desenvolvidos. Esse fato \'e reconhecido pela literatura internacional, e tem-se mostrado eviAbstract: in the context of the analysis about the domiciliary surveys' income measurement in Brazil, this paper aims to investigate the role played by different spheres of that domiciliary income with respect the 2002 and 2011 period. We intend to spell out if income inequality was indeed reduced in the latest years. To accomplish that goal, the data for the analysis are issued from Pesquisa Nacional por Amostra de Domic\'ilios (PNAD); also by means of income concentration index, which is divided into 5 features: labor income, pensions and public pensions, private pensions, rents, allowances, grants. In that regard, it covers that Brazilian income inequality jumped from 0.5826 (2002) to 0.5241 (2011). Among other things, from the results obtained is the important fact that by decreasing the parts the income inequality is reduced as a whole, regardless the composition effect is taken to be harmless. The labor income revealed to play an important role in reducing the Gini index by means of effect-concentration (55.83\%), and other incomes, which were responsible for reducing 20.72\%. The rents and pensions officers contributed 18.07\% for reducing the Gini index (G). Furthermore, the effects with respect the other incomes have undoubted influence on the reduction of Brazilian income inequality, especially in the Northeast.},
  file = {Araujo - 2014 - Income inequality and its decomposition in Brazil .pdf:/home/gpetrini/Zotero/storage/TY3WUACT/Araujo - 2014 - Income inequality and its decomposition in Brazil .pdf:application/pdf},
  language = {pt},
  number = {4},
  timestamp = {2018-10-12T02:33:57Z}
}

@article{bacha_o_nodate,
  title = {{O PIBINHO, A PNADONA E O M\'INIMO: UMA INTERPRETA\c{C}\~AO ESTAT\'ISTICA}},
  author = {Bacha, Edmar and Hoffmann, Rodolfo},
  pages = {14},
  abstract = {Why has household income in the National Household Survey (PNAD) grown so much faster than household consumption in Brazil's GDP from 2011 to 2012? To provide an answer to this question, we start from a visualization of the importance of the minimum wage in PNAD's income distribution and from a hypothesis that the underestimation of incomes in the PNAD surveys is concentrated in those families whose incomes do not follow the minimum wage. We then derive an equation to explain the difference between household income growth in the PNAD and household consumption growth in the national accounts as a function of the change in the minimum wage. Our empirical estimates of this equation suggest that the behavior of the minimum wage has been an important component in the explanation of differences in income growth between the PNAD and the GDP accounts.},
  file = {Bacha e Hoffmann - O PIBINHO, A PNADONA E O MÍNIMO UMA INTERPRETAÇÃO.pdf:/home/gpetrini/Zotero/storage/XMDF7ZGH/Bacha e Hoffmann - O PIBINHO, A PNADONA E O MÍNIMO UMA INTERPRETAÇÃO.pdf:application/pdf},
  language = {pt},
  timestamp = {2018-10-12T02:36:29Z}
}

@book{baum_introduction_2006,
  title = {An {{Introduction}} to {{Modern Econometrics Using Stata}}},
  author = {Baum, Christopher F.},
  year = {2006},
  edition = {First},
  publisher = {{Stata Press}},
  url = {http://gen.lib.rus.ec/book/index.php?md5=DD3A326F54540059D3B42098B9828017},
  urldate = {2018-10-15},
  file = {Baum_2006_An Introduction to Modern Econometrics Using Stata.pdf:/home/gpetrini/Zotero/storage/I94NIT9E/Baum_2006_An Introduction to Modern Econometrics Using Stata.pdf:application/pdf},
  isbn = {978-1-59718-013-9},
  timestamp = {2018-10-15T18:22:04Z}
}

@article{duarteANALISEDISTRIBUICAORENDA2017,
  title = {{AN\'ALISE DA DISTRIBUI\c{C}\~AO DE RENDA NA REGI\~AO SUL ENTRE 2004 E 2014}},
  author = {Duarte, Tain{\'a} Mariana and Gabriel, Fl{\'a}vio Braga de Almeida and Stamm, Cristiano},
  year = {2017},
  pages = {21},
  abstract = {The objective of the study was the analyze the behavior of Income Distribution Household Per Capita in the South Region of Brazil between 2004 and 2014. How methodology used decomposition of de Gini index in ten installments. How data base, was used the microdata of the Pesquisa Nacional de Amostra de Domic\'ilios(PNAD). As one of the main results, the Gini Index for the Southern Region was larger than the Brazilian one. The most significant portions of income for the reduction of income concentration were those from private sector employees and pensions up to a minimum wage. The one that most contributed to the increase in the concentration of income, both in the South and in Brazil, was the one referring to the income of the employers.},
  file = {Duarte - 2017 - ANÁLISE DA DISTRIBUIÇÃO DE RENDA NA REGIÃO SUL ENT.pdf:/home/gpetrini/Zotero/storage/66MLKA75/Duarte - 2017 - ANÁLISE DA DISTRIBUIÇÃO DE RENDA NA REGIÃO SUL ENT.pdf:application/pdf},
  journal = {S\~ao Paulo},
  language = {pt},
  timestamp = {2019-01-11T13:55:47Z}
}

@article{gandra_o_2012,
  title = {{o debate sobre a desigualdade de renda no brasil: da controv\'ersia dos anos 70 ao pensamento hegem\^onico nos anos 90}},
  shorttitle = {{o debate sobre a desigualdade de renda no brasil}},
  author = {Gandra, Rodrigo Mendes},
  year = {2012},
  month = jul,
  volume = {8},
  issn = {1519-3314, 1519-3314},
  doi = {10.29182/hehe.v8i1.183},
  url = {http://www.abphe.org.br/revista/index.php/rabphe/article/view/183},
  urldate = {2018-10-09},
  file = {Gandra - 2012 - o debate sobre a desigualdade de renda no brasil .pdf:/home/gpetrini/Zotero/storage/AUYEUTEX/Gandra - 2012 - o debate sobre a desigualdade de renda no brasil .pdf:application/pdf},
  journal = {Hist\'oria Econ\^omica \& Hist\'oria de Empresas},
  language = {pt},
  number = {1},
  timestamp = {2018-10-09T18:34:27Z}
}

@article{gouveia_exportando_nodate,
  title = {{Exportando outputs do Stata com o comando logout}},
  author = {Gouveia, Jaqueline Moraes Assis and Monsueto, Sandro Eduardo},
  pages = {11},
  abstract = {This technical note aims to explain, from examples, the using of the logout Stata command, which allows to export directly to Word, Excel, and LaTeX formats, the tables with the results of the commands tabulate, summarize and various estimation commands, saving time and effort of the user.},
  file = {Gouveia e Monsueto - Exportando outputs do Stata com o comando logout.pdf:/home/gpetrini/Zotero/storage/KWIPW7MF/Gouveia e Monsueto - Exportando outputs do Stata com o comando logout.pdf:application/pdf},
  language = {pt},
  timestamp = {2018-10-13T23:53:55Z}
}

@book{hoffmann_alise_2016,
  title = {{An\'alise de regress\~ao: uma introdu\c{c}\~ao \`a econometria}},
  shorttitle = {{An\'alise de regress\~ao}},
  author = {Hoffmann, Rodolfo},
  year = {2016},
  publisher = {{Universidade de S\~ao Paulo. Escola Superior de Agricultura Luiz de Queiroz}},
  doi = {10.11606/9788592105709},
  url = {http://www.livrosabertos.sibi.usp.br/portaldelivrosUSP/catalog/book/73},
  urldate = {2018-10-12},
  file = {Hoffmann - 2016 - Análise de regressão uma introdução à econometria.pdf:/home/gpetrini/Zotero/storage/YMVA74QS/Hoffmann - 2016 - Análise de regressão uma introdução à econometria.pdf:application/pdf},
  isbn = {978-85-921057-0-9},
  language = {pt},
  timestamp = {2018-10-12T02:30:18Z}
}

@article{hoffmann_desigualdade_nodate,
  title = {{DESIGUALDADE DA DISTRIBUI\c{C}\~AO DA RENDA NO BRASIL: O QUE MUDOU EM 2015?}},
  author = {Hoffmann, Rodolfo},
  pages = {24},
  file = {Hoffmann - DESIGUALDADE DA DISTRIBUIÇÃO DA RENDA NO BRASIL O.pdf:/home/gpetrini/Zotero/storage/UH2QWC4X/Hoffmann - DESIGUALDADE DA DISTRIBUIÇÃO DA RENDA NO BRASIL O.pdf:application/pdf},
  language = {pt},
  timestamp = {2018-12-12T12:55:57Z}
}

@article{hoffmann_recente_2008,
  title = {{A recente queda da desigualdade de renda no Brasil: an\'alise de dados da PNAD, do}},
  author = {Hoffmann, Rodolfo and Ney, Marlon Gomes},
  year = {2008},
  volume = {10},
  pages = {34},
  file = {Hoffmann e Ney - 2008 - A recente queda da desigualdade de renda no Brasil.pdf:/home/gpetrini/Zotero/storage/R62TMGUA/Hoffmann e Ney - 2008 - A recente queda da desigualdade de renda no Brasil.pdf:application/pdf},
  language = {pt},
  number = {1},
  timestamp = {2018-10-09T18:47:19Z}
}

@article{hoffmann_transferencias_2013,
  title = {Transfer\^encias de Renda e Desigualdade No {{Brasil}} (1995-2011)},
  author = {Hoffmann, Rodolfo},
  year = {2013},
  pages = {207--216},
  journal = {Programa Bolsa Fam\'ilia: uma d\'ecada de inclus\~ao e cidadania. Bras\'ilia: IPEA},
  timestamp = {2018-10-09T18:40:41Z}
}

@techreport{langoni_distribuicao_1973,
  title = {{Distribui\c{c}\~ao da renda e desenvolvimento econ\^omico do Brasil: uma reafirma\c{c}\~ao}},
  shorttitle = {{Distribui\c{c}\~ao da renda e desenvolvimento econ\^omico do Brasil}},
  author = {Langoni, Carlos Geraldo},
  year = {1973},
  month = jan,
  institution = {{Escola de Pos-Gradua\c{c}\~ao em Economia da FGV}},
  url = {http://bibliotecadigital.fgv.br/dspace/handle/10438/631},
  urldate = {2018-10-24},
  copyright = {Todo cuidado foi dispensado para respeitar os direitos autorais deste trabalho. Entretanto, caso esta obra aqui depositada seja protegida por direitos autorais externos a esta institui\c{c}\~ao, contamos com a compreens\~ao do autor e solicitamos que o mesmo fa\c{c}a contato atrav\'es do Fale Conosco para que possamos tomar as provid\^encias cab\'iveis},
  file = {Langoni_1973_Distribuição da renda e desenvolvimento econômico do Brasil.pdf:/home/gpetrini/Zotero/storage/QRF6QCLU/Langoni_1973_Distribuição da renda e desenvolvimento econômico do Brasil.pdf:application/pdf;Snapshot:/home/gpetrini/Zotero/storage/4I9ZCTG3/631.html:text/html},
  language = {por},
  timestamp = {2018-10-24T02:46:53Z},
  type = {{Working Paper}}
}

@book{lumleyComplexSurveysGuide2010,
  title = {Complex {{Surveys}}: {{A Guide}} to {{Analysis Using R}}},
  shorttitle = {Complex {{Surveys}}},
  author = {Lumley, Thomas},
  year = {2010},
  month = mar,
  edition = {1 edition},
  publisher = {{Wiley}},
  address = {{Hoboken, N.J}},
  abstract = {A complete guide to carrying out complex survey analysis usingR As survey analysis continues to serve as a core component ofsociological research, researchers are increasingly relying upondata gathered from complex surveys to carry out traditionalanalyses. Complex Surveys is a practical guide to theanalysis of this kind of data using R, the freely available anddownloadable statistical programming language. As creator of thespecific survey package for R, the author provides the ultimatepresentation of how to successfully use the software for analyzingdata from complex surveys while also utilizing the most currentdata from health and social sciences studies to demonstrate theapplication of survey research methods in these fields.The book begins with coverage of basic tools and topics withinsurvey analysis such as simple and stratified sampling, clustersampling, linear regression, and categorical data regression.Subsequent chapters delve into more technical aspects of complexsurvey analysis, including post-stratification, two-phase sampling,missing data, and causal inference. Throughout the book, anemphasis is placed on graphics, regression modeling, and two-phasedesigns. In addition, the author supplies a unique discussion ofepidemiological two-phase designs as well as probability-weightingfor causal inference. All of the book's examples and figures aregenerated using R, and a related Web site provides the R code thatallows readers to reproduce the presented content. Each chapterconcludes with exercises that vary in level of complexity, anddetailed appendices outline additional mathematical andcomputational descriptions to assist readers with comparing resultsfrom various software systems.Complex Surveys is an excellent book for courses onsampling and complex surveys at the upper-undergraduate andgraduate levels. It is also a practical reference guide for appliedstatisticians and practitioners in the social and health scienceswho use statistics in their everyday work.},
  isbn = {978-0-470-28430-8},
  language = {English},
  timestamp = {2018-12-21T01:18:46Z}
}

@article{marcos_decomposicao_nodate,
  title = {{Decomposi\c{c}\~ao da Queda na Desigualdade de Renda no Brasil: Uma An\'alise via Matriz de Contabilidade Social para os Anos de 2004 e 2009}},
  author = {Marcos, Rafael Perez and Azzoni, Carlos Roberto and Guilhoto, Joaquim Jos{\'e} Martins},
  pages = {34},
  file = {Marcos et al. - Decomposição da Queda na Desigualdade de Renda no .pdf:/home/gpetrini/Zotero/storage/4T67EIVM/Marcos et al. - Decomposição da Queda na Desigualdade de Renda no .pdf:application/pdf},
  language = {pt},
  timestamp = {2018-10-12T02:35:07Z}
}

@article{monteiro_distribuicao_nodate,
  title = {{DISTRIBUI\c{C}\~AO DA RENDA}},
  author = {Monteiro, Joselene Rodrigues},
  pages = {27},
  file = {Monteiro - DISTRIBUIÇÃO DA RENDA.pdf:/home/gpetrini/Zotero/storage/J22BCSQ7/Monteiro - DISTRIBUIÇÃO DA RENDA.pdf:application/pdf},
  keywords = {REVER},
  language = {pt},
  timestamp = {2018-10-09T18:49:23Z}
}

@article{neder_analise_nodate,
  title = {{ANALISE DE INDICADORES SOCIAIS UTILIZANDO O STATA}},
  author = {Neder, Henrique Dantas},
  pages = {154},
  file = {Neder - ANALISE DE INDICADORES SOCIAIS UTILIZANDO O STATA.pdf:/home/gpetrini/Zotero/storage/VSN62VAV/Neder - ANALISE DE INDICADORES SOCIAIS UTILIZANDO O STATA.pdf:application/pdf},
  language = {pt},
  timestamp = {2018-10-12T21:33:01Z}
}

@misc{noauthor_desigualdade_nodate,
  title = {Desigualdade de {{Renda}} No {{Brasil}}: Uma An\'alise Da Queda Recente (Volume 2)},
  url = {http://www.ipea.gov.br/portal/index.php?option=com_content&view=article&id=5552},
  urldate = {2018-10-09},
  file = {Desigualdade de Renda no Brasil uma análise da qu.pdf:/home/gpetrini/Zotero/storage/9C49UEW9/Desigualdade de Renda no Brasil uma análise da qu.pdf:application/pdf;Desigualdade de Renda no Brasil\: uma análise da queda recente (volume 2):/home/gpetrini/Zotero/storage/IZRQ5LQB/index.html:text/html},
  timestamp = {2018-10-09T18:37:52Z}
}

@misc{noauthor_scielo_nodate-1,
  title = {{{SciELO Brasil}} - Www.Scielo.Br},
  url = {http://www.scielo.br/scielo.php?script=sci_nlinks&ref=000091&pid=S0103-2003200200040000400008&lng=en},
  urldate = {2018-10-12},
  file = {SciELO Brasil - www.scielo.br:/home/gpetrini/Zotero/storage/J9IFCJ42/scielo.html:text/html},
  timestamp = {2018-10-12T02:34:31Z}
}

@techreport{oxfambrasilPaisEstagnadoPais2018,
  title = {{Pa\'is Estagnado: Pa\'is Estagnado: Um Retrato das Desigualdades Brasileiras 2018}},
  author = {Oxfam Brasil},
  year = {2018},
  institution = {{Oxfam Brasil}},
  url = {https://www.oxfam.org.br/sites/default/files/arquivos/relatorio_desigualdade_2018_pais_estagnado_digital.pdf?utm_source=site&utm_medium=social&utm_campaign=relatorio_download&utm_content=visitantes-site&utm_term=botao_botao-download_cpc_download-relatorio_baixe},
  urldate = {2019-01-11},
  abstract = {Conjunto de indicadores revelam, neste nosso segundo relat\'orio, que a roda da redu\c{c}\~ao das desigualdades parou de girar no pa\'is.},
  file = {Oxfam Brasil - 2018 - País Estagnado País Estagnado Um Retrato das Des.pdf:/home/gpetrini/Zotero/storage/6Z3N2DN2/Oxfam Brasil - 2018 - País Estagnado País Estagnado Um Retrato das Des.pdf:application/pdf;Snapshot:/home/gpetrini/Zotero/storage/K7EIQNCS/pais-estagnado.html:text/html},
  language = {pt-br},
  timestamp = {2019-01-11T13:34:01Z}
}

@book{penIncomeDistributionFacts1971,
  title = {{Income Distribution Facts, Theories, Policies}},
  author = {Pen, J.},
  year = {1971},
  edition = {First Edition edition},
  publisher = {{Praeger Publishers}},
  language = {German},
  timestamp = {2018-12-29T22:56:18Z}
}

@incollection{saboia_o_2007,
  title = {O {{Sal\'ario M\'inimo}} e Seu {{Potencial}} Para a {{Melhoria}} Da {{Distribui\c{c}\~ao}} de {{Renda}} No {{Brasil}}},
  booktitle = {Desigualdade de Renda No {{Brasil}}: Uma An\'alise Da Queda Recente},
  author = {Saboia, Jo{\~a}o},
  editor = {Barros, Ricardo Paes and Foguel, Miguel Nathan and Ullysea, Gabriel},
  year = {2007},
  volume = {2},
  publisher = {{IPEA}},
  address = {{Bras\'ilia}},
  file = {Saboia - O Salário Mínimo e seu Potencial para a Melhoria d.pdf:/home/gpetrini/Zotero/storage/3TKQWX98/Saboia - O Salário Mínimo e seu Potencial para a Melhoria d.pdf:application/pdf},
  keywords = {REVER},
  timestamp = {2018-07-28T14:07:54Z}
}

@incollection{sen_inequality_1973-1,
  title = {Inequality as a {{Quasi}}-{{Ordering}}},
  booktitle = {On {{Economic Inequality}}},
  author = {Sen, Amartya and Foster, James},
  year = {1973},
  month = dec,
  publisher = {{Oxford University Press}},
  doi = {10.1093/0198281935.001.0001},
  url = {http://www.oxfordscholarship.com/view/10.1093/0198281935.001.0001/acprof-9780198281931},
  urldate = {2018-10-15},
  file = {Sen_Foster_1973_Inequality as a Quasi‐Ordering.pdf:/home/gpetrini/Zotero/storage/J5GB7JKI/Sen_Foster_1973_Inequality as a Quasi‐Ordering.pdf:application/pdf},
  isbn = {978-0-19-828193-1},
  timestamp = {2018-10-15T18:13:02Z}
}

@article{silva_alise_2002,
  title = {{An\'alise estat\'istica de dados da PNAD: incorporando a estrutura do plano amostral}},
  shorttitle = {{An\'alise estat\'istica de dados da PNAD}},
  author = {Silva, Pedro Luis do Nascimento and Pessoa, Djalma Galv{\~a}o Carneiro and Lila, Maur{\'i}cio Franca},
  year = {2002},
  volume = {7},
  pages = {659--670},
  issn = {1413-8123},
  doi = {10.1590/S1413-81232002000400005},
  url = {http://www.scielo.br/scielo.php?script=sci_arttext&pid=S1413-81232002000400005&lng=pt&tlng=pt},
  urldate = {2018-10-12},
  abstract = {This paper describes how the complex sample design aspects of stratification, clustering, unequal selection probabilities and calibration adjustments of the sample weights affecting the National Household Sample Survey (PNAD) of IBGE can be incorporated into the analysis of its data. For this purpose, it includes: a brief but comprehensive description of this survey's sample design; indication of how its data can be used for estimating totals; and also a description of the essential methods required to fit parametric models taking into account the complex sample survey design aspects mentioned. It also presents some estimates for household and personal characteristics obtained from PNAD/1998, for which standard errors and design effects are computed as an illustration. It concludes with an indication of the precautions users must take when analysing data from PNAD in their survey practice.},
  file = {Silva et al. - 2002 - Análise estatística de dados da PNAD incorporando.pdf:/home/gpetrini/Zotero/storage/WAKFWCMA/Silva et al. - 2002 - Análise estatística de dados da PNAD incorporando.pdf:application/pdf},
  journal = {Ci\^encia \& Sa\'ude Coletiva},
  language = {pt},
  number = {4},
  timestamp = {2018-10-12T02:05:08Z}
}

@article{silva_alise_nodate,
  title = {{An\'alise de Dados Amostrais Complexos}},
  author = {SIlva, Nascimento},
  pages = {170},
  file = {SIlva - Análise de Dados Amostrais Complexos.pdf:/home/gpetrini/Zotero/storage/F6GZ244X/SIlva - Análise de Dados Amostrais Complexos.pdf:application/pdf},
  language = {pt},
  timestamp = {2018-10-12T02:35:37Z}
}


