
@article{dixonNewCambridgeSchool1982,
  title = {On the {{New Cambridge School}}},
  author = {Dixon, Robert},
  year = {1982},
  volume = {5},
  pages = {289--294},
  issn = {0160-3477, 1557-7821},
  doi = {10.1080/01603477.1982.11489364},
  url = {http://www.tandfonline.com/doi/full/10.1080/01603477.1982.11489364},
  urldate = {2019-09-01},
  journal = {Journal of Post Keynesian Economics},
  number = {2},
  timestamp = {2019-09-01T14:52:01Z}
}


