
@article{petriniComparacaoEvolucaoIDH2019,
  title = {Comparacao Da Evolucao Do {{IDH}} Em Experiencias Pos-{{Socialistas}} Utilizando a Metodologia {{mvQCA}}},
  author = {Petrini, Gabriel and Farhat, Filipe Silveira},
  year = {2019},
  annotation = {Mimeo},
  file = {Petrini e Farhat - Comparacao da evolucao do IDH em experiencias pos-.pdf:/home/gpetrini/Zotero/storage/7JMEVXDV/Petrini e Farhat - Comparacao da evolucao do IDH em experiencias pos-.pdf:application/pdf},
  timestamp = {2019-09-12T20:25:43Z}
}


