
@book{glasman-dealScienceResearchWriting2010,
  title = {Science {{Research Writing}}: {{A Guide}} for {{Non}}-{{Native Speakers}} of {{English}}},
  shorttitle = {Science {{Research Writing}}},
  author = {{Glasman-deal}, Hilary},
  year = {2010},
  edition = {First},
  publisher = {{Imperial College Press}},
  url = {http://gen.lib.rus.ec/book/index.php?md5=fa786995cc50a485e56a0d335f9dc231},
  urldate = {2020-09-27},
  file = {Glasman-deal - 2010 - Science Research Writing A Guide for Non-Native S.pdf:/home/gpetrini/Zotero/storage/JT8SY72B/Glasman-deal - 2010 - Science Research Writing A Guide for Non-Native S.pdf:application/pdf},
  isbn = {978-1-84816-309-6},
  timestamp = {2020-09-27T12:48:35Z}
}


