
@article{hoffmannValorestrabalhoPrecosReproducao2013,
  title = {{Valores-trabalho, pre\c{c}os de reprodu\c{c}\~ao e renda da terra}},
  author = {Hoffmann, Rodolfo},
  year = {2013},
  month = sep,
  volume = {33},
  pages = {388--410},
  issn = {0101-3157},
  doi = {10.1590/S0101-31572013000300002},
  url = {http://www.scielo.br/scielo.php?script=sci_arttext&pid=S0101-31572013000300002&lng=pt&tlng=pt},
  urldate = {2020-04-16},
  file = {Hoffmann - 2013 - Valores-trabalho, preços de reprodução e renda da .pdf:/home/gpetrini/Zotero/storage/WRRTC7XJ/Hoffmann - 2013 - Valores-trabalho, preços de reprodução e renda da .pdf:application/pdf},
  journal = {Revista de Economia Pol\'itica},
  language = {pt},
  number = {3},
  timestamp = {2020-04-16T21:44:40Z}
}


