
@techreport{afonso_irpf_2014,
  title = {{IRPF e desiguldade em debate no Brasil: O j\'a revelado e o por revelar}},
  author = {Afonso, Jos{\'e} Roberto R},
  year = {2014},
  pages = {49},
  address = {{Rio de Janeiro}},
  institution = {{FGV IBRE}},
  file = {Afonso - IRPF E DESIGUALDADE EM DEBATE NO BRASIL.pdf:/home/gpetrini/Zotero/storage/38XS7R3T/Afonso - IRPF E DESIGUALDADE EM DEBATE NO BRASIL.pdf:application/pdf},
  keywords = {METADATA,REVISTO},
  timestamp = {2018-07-11T18:16:20Z}
}

@misc{alvaredo_wid_nodate,
  title = {{{WID}} \textendash{} {{World Inequality Database}}},
  author = {Alvaredo, Facundo and Chancel, Lucas and Piketty, Thomas and Saez, Emmanuel and Zucman, Gabriel},
  url = {https://wid.world},
  urldate = {2018-07-18},
  abstract = {Home The source for global inequality data. Open access, high quality wealth and income inequality data developed by an international academic consortium.},
  journal = {WID - World Inequality Database},
  timestamp = {2018-07-18T13:03:00Z}
}

@article{aspromourgos_2004_Sraffian,
  ids = {aspromourgos_sraffian_2004},
  title = {Sraffian Research Programmes and Unorthodox Economics},
  author = {Aspromourgos, Tony},
  year = {2004},
  volume = {16},
  pages = {179--206},
  issn = {0953-8259, 1465-3982},
  doi = {10.1080/0953825042000183181},
  url = {https://www.tandfonline.com/doi/full/10.1080/0953825042000183181},
  urldate = {2019-09-05},
  abstract = {This paper provides an overview of the main currents in the development of the intellectual project inaugurated by Piero Sraffa's Production of Commodities by Means of Commodities. Five research programmes are detailed (together with some further extensions): the nature and significance of long-period equilibria; the Cambridge Growth Equation and the monetary determination of interest, as alternative theories of distribution; the Sraffa\textendash Keynes synthesis; and the critique of marginalism. The paper also sketches the relations between the Sraffian project and other unorthodox strands in economics. Future prospects for orthodoxy and non-orthodoxy are canvassed. A substantial literature survey is included.},
  file = {Aspromourgos - 2004 - Sraffian research programmes and unorthodox econom.pdf:/home/gpetrini/Zotero/storage/FKIMB3E6/Aspromourgos - 2004 - Sraffian research programmes and unorthodox econom.pdf:application/pdf;Aspromourgos_2004_Sraffian research programmes and unorthodox economics:/home/gpetrini/Zotero/storage/YZ4KLSNH/Aspromourgos_2004_Sraffian research programmes and unorthodox economics.pdf:application/pdf},
  journal = {Review of Political Economy},
  keywords = {Complementar,METADATA,REVISTO},
  number = {2},
  timestamp = {2020-12-21T14:45:56Z}
}

@techreport{assouad_extreme_2018,
  title = {Extreme Inequality : Evidence from {{Brazil}} , {{India}} , the {{Middle East}} and {{South Africa}}},
  author = {Assouad, Lydia and Chancel, Lucas and Morgan, Marc},
  year = {2018},
  pages = {9--9},
  institution = {{WID.world}},
  abstract = {Extreme inequality: evidence from Brazil, India, the Middle East and South Africa Lydia Lucas Marc January WID.world / 4 Abstract This paper presents new findings about inequality dynamics in Brazil , India , the Middle East and South Africa from the World Wealth and Income Database (WID . world) . We combine tax data , household surveys and national accounts in a systematic manner to produce estimates of the distribution of income , using concepts coherent with macroeconomic national accounts . We document an extreme level of inequality in these regions , with top 10\% income shares above 50\% of national income . These societies are characterized by a dual social structure , with an extremely rich group at the top , whose income levels are broadly comparable to their counterparts in high - income countries , and a much poorer mass of the population below top groups . We discuss the diversity of regional contexts and highlight two explanations for the levels observed : the historical legacy of social segregation and modern economic institutions and policies .},
  file = {Assouad, Chancel, Morgan_2018_Extreme inequality evidence from Brazil , India , the Middle East and South Africa:/home/gpetrini/Zotero/storage/PESAMB5X/Assouad, Chancel, Morgan_2018_Extreme inequality evidence from Brazil , India , the Middle East and South Africa.pdf:application/pdf},
  keywords = {Complementar,METADATA,Revisar Lugar},
  timestamp = {2018-07-10T15:01:08Z}
}

@book{atkinson_desigualdade_2016,
  title = {Desigualdade \textendash{} o Que Pode Ser Feito},
  author = {Atkinson, Anthony B.},
  year = {2016},
  publisher = {{Leya}},
  address = {{S\~ao Paulo}},
  keywords = {LIVRO,Principal,REVISTO},
  timestamp = {2018-07-15T13:32:20Z}
}

@inproceedings{avancini_investimento_2015,
  title = {{Investimento e Crescimento Liderado pela Demanda: Um Estudo para o Caso Brasileiro com Base no Modelo do Supermultiplicador Sraffiano}},
  booktitle = {{Anais do 43\textordmasculine{} Encontro Nacional de Economia}},
  author = {Avancini, Daniel Paulon and de Freitas, F{\'a}bio Neves P. and Braga, J{\'u}lia de Medeiros},
  year = {2015},
  pages = {20},
  address = {{Florian\'opolis}},
  abstract = {No presente estudo, buscou-se investigar, de um ponto de vista emp\'irico, a rela\c{c}\~ao entre a taxa de investimento em capital produtivo e a taxa de crescimento da economia brasileira com base no modelo do supermultiplicador sraffiano. Para isto, s\~ao utilizados dados trimestrais obtidos em fontes secund\'arias para o per\'iodo iniciado no primeiro trimestre de 1996 e finalizado no quarto trimestre de 2012. Diversas t\'ecnicas econom\'etricas s\~ao utilizadas para identificar e corrigir a presen\c{c}a de raiz unit\'aria e quebras estruturais nos dados. Os resultados indicam que para os dados de alta frequ\^encia dispon\'iveis na economia brasileira, a din\^amica trimestral da taxa de investimento em m\'aquinas e equipamentos \'e bem explicada pelo funcionamento de um mecanismo do tipo acelerador flex\'ivel conforme previsto no modelo do Supermultiplicador Sraffiano e que a taxa de crescimento do PIB causa no sentido de granger a taxa de investimento em m\'aquinas e equipamentos.},
  file = {Avancini, Daniel Paulon et al. - 2015 - Investimento e Crescimento Liderado pela Demanda .pdf:/home/gpetrini/Zotero/storage/MXIGJLID/Avancini, Daniel Paulon et al. - 2015 - Investimento e Crescimento Liderado pela Demanda .pdf:application/pdf},
  keywords = {METADATA,Principal,REVISTO},
  timestamp = {2018-07-10T14:26:28Z}
}

@article{avritzer_crescimento_nodate,
  title = {{Crescimento e a Distribui\c{c}\~ao Funcional da Renda no Brasil (1952-2011)}},
  author = {Avritzer, Joana David},
  pages = {21},
  abstract = {This work aims to study the relationship between economic growth and income distribution. From the theoretical models of Cambridge, neo-Kaleckian and supermultiplier it is possible to establish two types of effects. The first, called level effect is predicted in all models, and establishes a direct relationship from the the wage share to the level of output which occurs via changes in the components of demand. The second, called growth effect occurs only in the neo-Kaleckian models, and is the causality relationship from the wage share to output growth. From this typology, we analyze the presence of these two effects in the empirical literature. It follows that there is no evidence of growth effect in this literature, but only level effect. Similarly, estimates indicate that, for the Brazilian economy the only statistically significant relationship found is a level effect, starting from the economic stability in 1994.},
  file = {Avritzer - Crescimento e a Distribuição Funcional da Renda no.pdf:/home/gpetrini/Zotero/storage/A4Z7KF3N/Avritzer - Crescimento e a Distribuição Funcional da Renda no.pdf:application/pdf},
  keywords = {METADATA,REVER},
  timestamp = {2018-07-11T18:54:48Z}
}

@article{bacha_saida_2017,
  title = {Sa\'ida Para a Crise Tem M\~ao Dupla},
  author = {Bacha, Edmar},
  year = {2017},
  volume = {31},
  pages = {23--27},
  abstract = {Resumo A atual recess\~ao preocupa, mas preocupa ainda mais o lento crescimento da economia brasileira h\'a 35 anos. As causas s\~ao m\'ultiplas, mas uma frequentemente ignorada \'e aqui enfatizada: a baix\'issima participa\c{c}\~ao do Brasil no com\'ercio internacional. Prop\~oe-se um programa de integra\c{c}\~ao do pa\'is \`as cadeias produtivas internacionais, com base em tr\^es pilares: redu\c{c}\~ao do custo Brasil, troca de tarifas por c\^ambio e acordos comerciais.},
  file = {Bacha_2017_Saída para a crise tem mão dupla:/home/gpetrini/Zotero/storage/ZTW349X7/Bacha_2017_Saída para a crise tem mão dupla.pdf:application/pdf},
  journal = {Estudos Avan\c{c}ados},
  keywords = {FICHAR,REVISTO},
  number = {89},
  timestamp = {2018-07-16T13:45:05Z}
}

@techreport{baltar_trabalho_2010,
  title = {Trabalho No {{Governo Lula}}: Uma Reflex\~ao Sobre a Recente Experi\^encia Brasileira},
  author = {Baltar, Paulo and {dos Santos}, Anselmo Lu{\'i}s and Krein, Jos{\'e} Dari and Leone, Eugenia and Proni, Marcelo Weishaupt and Moretto, Amilton and Maia, Alexandre Gori and Salas, Carlos},
  year = {2010},
  address = {{Campinas}},
  institution = {{Global Labor University}},
  file = {GLU_WP_No._9_portuguese.pdf:/home/gpetrini/Zotero/storage/AZYJG6VN/GLU_WP_No._9_portuguese.pdf:application/pdf},
  timestamp = {2018-07-27T23:59:43Z}
}

@article{barba_rising_2009,
  title = {Rising Household Debt: {{Its}} Causes and Macroeconomic Implications - {{A}} Long-Period Analysis},
  author = {Barba, Aldo and Pivetti, Massimo},
  year = {2009},
  abstract = {The article analyses the rise in household indebtedness from the point of view of its causes and long-run macroeconomic implications. The analysis is focussed on the US case. Differently from life-cycle interpretations of the phenomenon, and from interpretations in terms of erratic deviations of current income flows from their long-run trend, the rising household debt is viewed as the outcome of persistent changes in income distribution and growing income inequalities. Through household debt, low wages appear to have been brought to coexist with relatively high levels of aggregate demand, thus providing the solution to the contradiction between the necessity of high and rising consumption levels, for the growth of the system's actual output, and a framework of antagonistic conditions of distribution which keeps within limits the real income of the vast majority of society. The question of the long-run sustainability of this substitution of loans for wages is finally discussed. Reprinted by permission of Oxford University Press},
  file = {Barba, Pivetti_2009_Rising household debt Its causes and macroeconomic implications - A long-period analysis:/home/gpetrini/Zotero/storage/VUS4HDUH/Barba, Pivetti_2009_Rising household debt Its causes and macroeconomic implications - A long-period analysis.pdf:application/pdf},
  journal = {Cambridge Journal of Economics},
  keywords = {Fichado,METADATA,Principal,REVISTO},
  timestamp = {2019-07-05T19:32:23Z}
}

@article{barbosa_filho_crise_2017,
  title = {A Crise Econ\^omica de 2014/2017},
  author = {Barbosa Filho, Fernando de Holanda},
  year = {2017},
  volume = {31},
  pages = {51--60},
  abstract = {Resumo Este artigo mostra que a crise de 2014/2017 \'e fruto de uma combina\c{c}\~ao de choques de oferta e demanda resultado de erros de pol\'itica econ\^omica. Esses choques produziram uma redu\c{c}\~ao da capacidade de crescimento da economia brasileira e risco de insolv\^encia das finan\c{c}as p\'ublicas. A solu\c{c}\~ao da crise fiscal, atrav\'es da PEC do teto dos gastos, far\'a que o pa\'is retome o crescimento econ\^omico a partir de 2017, utilizando a capacidade ociosa da economia. No entanto, a taxa de crescimento do produto potencial n\~ao recuperar\'a o ritmo anterior devido aos efeitos duradouros das pol\'iticas da Nova Matriz Econ\^omica (NME) que reduziram o produto potencial nacional. Recomenda-se, portanto, a ado\c{c}\~ao de pol\'iticas que induzam uma recupera\c{c}\~ao da produtividade da economia brasileira.},
  file = {Barbosa Filho_2017_A crise econômica de 20142017:/home/gpetrini/Zotero/storage/T6MCD72A/Barbosa Filho_2017_A crise econômica de 20142017.pdf:application/pdf},
  journal = {Estudos Avan\c{c}ados},
  keywords = {METADATA,Principal,REVISTO},
  number = {89},
  timestamp = {2018-07-16T13:45:14Z}
}

@misc{barbosa_filho_diario_2016,
  title = {Di\'ario {{Ofical}} Da {{Uni\~ao}}},
  author = {Barbosa Filho, Nelson Henrique},
  year = {2016},
  pages = {31},
  abstract = {Disp\~oe sobre publica\c{c}\~ao de dados referentes \`a distribui\c{c}\~ao da renda e da riqueza dos declarantes do Imposto sobre a Renda Pessoa F\'isica - IRPF e de Relat\'orio sobre a Distribui\c{c}\~ao da Renda e da Riqueza da Popula\c{c}\~ao Brasileira.},
  chapter = {1},
  file = {Port. MF  Nº 165  -  2016:/home/gpetrini/Zotero/storage/BW5WHT9S/link.html:text/html},
  keywords = {REVER},
  number = {No 165},
  timestamp = {2018-07-21T14:42:45Z}
}

@article{behringer_us_nodate,
  title = {{{US Household Sector Borrowing}} in the {{Long Run}}: {{Structural Change}} and {{Causality}}},
  author = {Behringer, Jan and Wildauer, Rafael},
  pages = {27},
  file = {Behringer e Wildauer - US Household Sector Borrowing in the Long Run Str.pdf:/home/gpetrini/Zotero/storage/9K2NLRZA/Behringer e Wildauer - US Household Sector Borrowing in the Long Run Str.pdf:application/pdf},
  keywords = {FICHAR,MIMEO,REVER},
  timestamp = {2018-07-15T13:26:10Z}
}

@article{bhaduri_unemployment_1990,
  title = {Unemployment and the {{Real Wage}}: {{The Economic Basis}} for {{Contesting Political Ideologies}}},
  author = {Bhaduri, Amit and Marglin, Stephen},
  year = {1990},
  volume = {14},
  abstract = {Using the Keynesian theory of effective demand, this paper demonstrates how particular models, such as that of "cooperative capitalism" enunciated by the left Keynesian social democrats, the Marxian model of "profit squeeze" emphasizing distributive conflict, and even the conservative model relying on "supply side" stimulus, fit in as particular variants of a more general theoretical scheme through a reconstruction of the familiar IS schedule. The argument is weaved around the theme of the relations between unemployment and real wage in the context of both a closed and an open economy to explain the common macroeconomic basis of contesting ideologies. Copyright 1990 by Oxford University Press.},
  journal = {Cambridge Journal of Economics},
  keywords = {REVISTO},
  number = {4},
  timestamp = {2018-07-26T18:27:52Z}
}

@book{bortis_institutions_1996,
  title = {Institutions, Behaviour and Economic Theory: {{A}} Contribution to Classical-{{Keynesian}} Political Economy},
  shorttitle = {Institutions, Behaviour and Economic Theory},
  author = {Bortis, Heinrich},
  year = {1996},
  publisher = {{Cambridge University Press}},
  address = {{Cambridge}},
  doi = {10.1017/CBO9780511582349},
  url = {http://ebooks.cambridge.org/ref/id/CBO9780511582349},
  urldate = {2018-09-12},
  isbn = {978-0-511-58234-9},
  keywords = {REVER},
  timestamp = {2018-09-12T14:25:57Z}
}

@techreport{brasil_relatorio_2016,
  title = {Relat\'orio Da {{Distribui\c{c}\~ao Pessoal}} Da {{Renda}} e Da {{Riqueza}} Da {{Popula\c{c}\~ao Brasileira}}: {{Dados}} Do {{IRRF}} 2015/2014},
  author = {Brasil, Secretaria de Pol{\'i}tica Econ{\^o}mica},
  year = {2016},
  pages = {19--19},
  address = {{Bras\'ilia}},
  institution = {{MFazenda}},
  abstract = {O debate em torno da desigualdade na distribui\c{c}\~ao da renda tem crescido nos \'ultimos anos. O maior interesse por essa quest\~ao tem ocorrido em fun\c{c}\~ao de novas pesquisas que apontam que a desigualdade nos estratos mais altos da sociedade \'e elevada e vem aumentando. Essas constata\c{c}\~oes t\^em afetado o debate sobre o desenvolvimento econ\^omico no Brasil e no mundo.},
  file = {BRASIL_2016_Relatório da Distribuição Pessoal da Renda e da Riqueza da População Brasileira Dados do IRRF 20152014:/home/gpetrini/Zotero/storage/QGG4QQTF/BRASIL_2016_Relatório da Distribuição Pessoal da Renda e da Riqueza da População Brasileira Dados do IRRF 20152014.pdf:application/pdf},
  keywords = {METADATA,Principal,REVISTO},
  timestamp = {2018-07-12T17:50:23Z}
}

@phdthesis{brochier_endogenous_2018,
  title = {{Endogenous autonomous expenditures in a Supermultiplier Stock-Flow Consistent model : an appraisal of growth and distribution effects}},
  shorttitle = {{Endogenous autonomous expenditures in a Supermultiplier Stock-Flow Consistent model}},
  author = {Brochier, L{\'i}dia},
  year = {2018},
  address = {{Campinas}},
  abstract = {Resumo: O modelo supermultiplicador (Serrano, 1995; Bortis, 1997) tem ganhado espa\c{c}o no debate p\'os-keynesiano. Na sua vers\~ao mais recente, o modelo combina o gasto aut\^onomo, que cresce a uma taxa dada exogenamente, com o comportamento harrodiano das firmas (Freitas, 2015; Allain, 2015; Lavoie, 2016). Isso permite que a capacidade se ajuste \`a demanda no longo prazo, com o grau de utiliza\c{c}\~ao retornando ao seu n\'ivel considerado normal. O pressuposto de que o crescimento do gasto aut\^onomo \'e ex\'ogeno exclui, quase que por defini\c{c}\~ao, a possibilidade de que altera\c{c}\~oes na distribui\c{c}\~ao de renda e nos gastos induzidos (nas propens\~oes a gastar) tenham efeitos permanentes de crescimento. Al\'em disso, tais modelos s\~ao, em sua maioria, modelos de fluxo que omitem os determinantes financeiros do gasto aut\^onomo e as implica\c{c}\~oes das intera\c{c}\~oes entre fluxos e estoques na economia. Levando isso em considera\c{c}\~ao, a tese se prop\~oe a avaliar os resultados do modelo supermultiplicador quando o pressuposto original - de que o crescimento do componente aut\^onomo de demanda \'e completamente ex\'ogeno - \'e relaxado. A tese ainda busca analisar as caracter\'isticas do modelo supermultiplicador quando estendido a uma estrutura financeira mais complexa, que considere n\~ao apenas os fluxos e o estoque de capital, mas tamb\'em os estoques financeiros. Adota-se para tal a metodologia Stock-Flow Consistent, que permite conciliar ambos objetivos. Procura-se mostrar que a endogeneiza\c{c}\~ao do gasto aut\^onomo altera alguns resultados de longo prazo do modelo original. Isso significa que, assim como nos modelos neo-kaleckianos, \'e poss\'ivel que, no modelo supermultiplicador, mudan\c{c}as na distribui\c{c}\~ao de renda, assim como a expans\~ao da demanda via propens\~oes a gastar, tenham efeitos permanentes de crescimento. Os efeitos de crescimento s\~ao ainda reavaliados em uma estrutura que incorpora (a) o conflito distributivo entre trabalhadores e capitalistas, o crescimento end\'ogeno da produtividade do trabalho e o emprego; (b) a intera\c{c}\~ao entre duas economias semelhantes sob diferentes regimes cambiais. No cap\'itulo dois, A Supermultiplier Stock-Flow Consistent model: the ''return'' of the paradoxes of thrift and costs in the long run?, o gasto aut\^onomo \'e endogeneizado (consumo a partir da riqueza) e os paradoxos da poupan\c{c}a e dos custos s\~ao avaliados no longo prazo. Os resultados das simula\c{c}\~oes num\'ericas indicam que o paradoxo da poupan\c{c}a permanece v\'alido e que uma parcela de lucros mais baixa pode estar associada a taxas mais elevadas de acumula\c{c}\~ao de capital, embora com taxas de lucro mais baixas. No cap\'itulo tr\^es, Conficting-claims and labour market concerns in a Supermultiplier model, o modelo do cap\'itulo dois \'e estendido para dar conta da din\^amica do mercado de trabalho. A infla\c{c}\~ao \'e incorporada no modelo via conflito distributivo entre trabalhadores e capitalistas e o crescimento end\'ogeno da produtividade do trabalho \'e introduzido, configurando a endogeneiza\c{c}\~ao da distribui\c{c}\~ao de renda. No cap\'itulo quatro, Growth and distribution in a Two-Country Supermultiplier Stock-Flow Consistent model, o modelo do cap\'itulo 1 \'e estendido para um sistema de dois pa\'ises com caracter\'isticas semelhantes. Os resultados das simula\c{c}\~oes num\'ericas indicam que tanto uma redu\c{c}\~ao no mark-up das firmas quanto o aumento na propens\~ao a consumir a partir da renda t\^em efeito positivo de crescimento sobre as duas economias em ambos os regimes de c\^ambio, fixo e flutuante. Al\'em disso, se a condi\c{c}\~ao de Marshall-Lerner for v\'alida, a economia que expande sua demanda dom\'estica ganha relativamente mais do que a economia parceira (aumenta a sua participa\c{c}\~ao no estoque de capital do sistema). O regime de c\^ambio ainda influencia, al\'em da distribui\c{c}\~ao de renda, a distribui\c{c}\~ao de riqueza entre as economias. Por fim, um est\'imulo coordenado \`a demanda faz ambas economias crescerem a uma taxa mais elevada em compara\c{c}\~ao a um choque isolado \`a demanda em uma das economias},
  file = {Brochier_2018_Endogenous autonomous expenditures in a Supermultiplier Stock-Flow Consistent.pdf:/home/gpetrini/Zotero/storage/KYVIF4XY/Brochier_2018_Endogenous autonomous expenditures in a Supermultiplier Stock-Flow Consistent.pdf:application/pdf},
  keywords = {METADATA,REVISTO},
  school = {Universidade Estadual de Campinas/Instituto de Economia},
  timestamp = {2018-07-14T14:33:20Z},
  type = {{Tese (Doutorado)}}
}

@article{brochier_macroeconomics_2017,
  title = {The Macroeconomics Implications of Consumption: State-of-Art and Prospects for the Heterodox Future Research},
  author = {Brochier, L{\'i}dia and {Macedo e Silva}, Antonio Carlos},
  year = {2017},
  volume = {35},
  abstract = {The recent US economic scenario has motivated a series of heterodox papers concerned with household indebtedness and consumption. Though discussing autonomous consumption, most of the theoretical papers rely on private investment-led growth models. An alternative approach is the so-called Sraffian supermultipler model, which treats long-run investment as induced, allowing for the possibility that other final demand components \textendash{} including consumption \textendash{} may lead long-run growth. We suggest that the dialogue between these approaches is not only possible but may prove to be quite fruitful.},
  copyright = {Direitos autorais 2017 An\'alise Econ\^omica},
  file = {Brochier_Silva_2017_THE MACROECONOMIC IMPLICATIONS OF CONSUMPTION.pdf:/home/gpetrini/Zotero/storage/EBDGTL4Z/Brochier_Silva_2017_THE MACROECONOMIC IMPLICATIONS OF CONSUMPTION.pdf:application/pdf},
  journal = {An\'alise Econ\^omica},
  keywords = {METADATA,REVISTO},
  number = {especial},
  timestamp = {2018-07-16T13:45:25Z}
}

@article{carneiro_economia_2017,
  title = {A Economia Pol\'itica Do Ensaio Desenvolvimentista},
  author = {Carneiro, Ricardo},
  year = {2017},
  volume = {31},
  pages = {61--66},
  abstract = {ESTUDOS AVAN\c{C}ADOS 31 (89), 2017 61 ara analisar a crise que se instala na economia brasileira ap\'os 2015, este texto adota a tese de que a pol\'itica econ\^omica e sua operacionaliza\c{c}\~ao s\~ao condicionadas por um contexto mais amplo no qual, al\'em das rela\c{c}\~oes de classe, h\'a, no \^ambito econ\^omico, aspectos estruturais e c\'iclicos, conformando um pano de fundo sob o qual as decis\~oes de pol\'itica econ\^omica s\~ao tomadas e produzem seus resultados. No plano estrutural, desde os anos 1990, ocorre a crescente integra\c{c}\~ao da economia brasileira a uma economia financeirizada nos pa\'ises desenvolvidos, marcada por recorrentes bolhas de pre\c{c}os de ativos e por uma crise financeira de grandes propor\c{c}\~oes em 2008. Medidas de pol\'itica econ\^omica para lidar com essa crise, nos pa\'ises centrais, fundadas na pol\'itica monet\'aria n\~ao convencional, exacerbaram os ciclos de liquidez, subjacentes \`as bolhas. No \^ambito produtivo, observou-se a constitui\c{c}\~ao de cadeias globais de valor com a fragmenta\c{c}\~ao das etapas produtivas, originando uma intensifica\c{c}\~ao da concorr\^encia fundada na redu\c{c}\~ao de pre\c{c}os, acentuada ap\'os a crise em raz\~ao do aparecimento de capaci-dade ociosa generalizada, mormente na China. No plano dom\'estico, a economia brasileira assistiu no per\'iodo 2003/2010 a uma acelera\c{c}\~ao do crescimento impulsionado, inicialmente, pelos pre\c{c}os das commodities e, posteriormente, pelo r\'apido crescimento do consumo, e por fim, mas n\~ao por \'ultimo, pelo investimento, induzido por ambos. Esse ciclo, embora peculiar por se acompanhar da melhoria da distribui\c{c}\~ao da renda, perdeu pro-gressivamente dinamismo. Em parte, pela perda de velocidade da melhoria da distribui\c{c}\~ao fundada em mecanismos salariais, mas principalmente pelos limites ao endividamento das fam\'ilias. Ademais, os programas p\'ublicos de transfer\^encia de renda, muito relevantes para explicar a melhoria da distribui\c{c}\~ao, alcan\c{c}aram um limite no quadro fiscal prevalecente. O investimento, por sua vez, teve seu dinamismo atenuado pelo vazamento de parte da demanda de m\'aquinas e equi-pamentos e insumos intermedi\'arios para o exterior, em raz\~ao da especializa\c{c}\~ao regressiva. O arrefecimento do ciclo de 2003/2010 impunha a busca de um novo modelo de crescimento. Para tanto, a escolha recaiu na diversifica\c{c}\~ao da estrutu-ra produtiva, para suplantar a especializa\c{c}\~ao regressiva, e na amplia\c{c}\~ao da infra-estrutura, em parte sobreutilizada, em parte sucateada, por anos de baixo inves-timento. A for\c{c}a motriz principal seria, nesse caso, o investimento aut\^onomo, A economia pol\'itica do ensaio desenvolvimentista RICARDO CARNEIRO I P 10.1590/s0103-40142017.31890007},
  file = {Carneiro_2017_A economia política do ensaio desenvolvimentista:/home/gpetrini/Zotero/storage/B27NJN5J/Carneiro_2017_A economia política do ensaio desenvolvimentista.pdf:application/pdf},
  journal = {Estudos Avan\c{c}ados},
  keywords = {FICHAR,REVISTO},
  number = {89},
  timestamp = {2018-07-16T13:45:30Z}
}

@incollection{carneiro_politica_2018,
  title = {A Pol\'itica Social Nos Limites Do Experimento Desenvolvimentista (2003-2014)},
  booktitle = {Para Al\'em Da Pol\'itica Econ\^omica},
  author = {Calixtre, Andr{\'e} and Fagnani, Eduardo},
  editor = {Carneiro, Ricardo and Baltar, Paulo and Sarti, Fernando},
  year = {2018},
  pages = {365},
  publisher = {{Unesp Digital}},
  address = {{Campinas}},
  file = {para-alem-da-politica-economica.pdf:/home/gpetrini/Zotero/storage/NN2ZFA5B/para-alem-da-politica-economica.pdf:application/pdf},
  timestamp = {2018-07-23T14:40:16Z}
}

@incollection{carneiro_politica_2018-1,
  title = {A Pol\'itica Social Nos Limites Do Experimento Desenvolvimentista (2003-2014)},
  booktitle = {Para Al\'em Da Pol\'itica Econ\^omica},
  author = {Baltar, Paulo Eduardo de A. and Souza, Jaqueline A. and Campos, Guilherme C. de Souza},
  editor = {Carneiro, Ricardo and Baltar, Paulo and Sarti, Fernando},
  year = {2018},
  pages = {365},
  publisher = {{Unesp Digital}},
  address = {{Campinas}},
  timestamp = {2018-07-24T01:12:33Z}
}

@techreport{carvalho_growth_2015,
  title = {Growth and Distribution in {{Brazil}} in the 21 St Century: Revisiting the Wage-Led versus Profit-Led Debate},
  author = {Carvalho, Laura and Rugitsky, Fernando},
  year = {2015},
  pages = {23--23},
  address = {{S\~ao Paulo}},
  institution = {{Department of Economics, University of S\~ao Paulo (FEA-USP)}},
  abstract = {In the 2000s, several Latin American economies, and Brazil in particular, have engaged in relatively successful attempts to combine higher economic growth and lower income inequality. As the Brazilian economy slowed down in more recent years, the sustainability of this growth model has been put into question. After studying the impact of different redistributive policies (e.g. minimum wage, income transfers) on the personal and functional distributions of income in Brazil, the paper discusses the response of aggregate consumption, investment and net exports \textendash{} as well as the economy's productive structure and inflation rate \textendash{} to the changes in income distribution itself and other relevant factors. The analysis allows us both to draw lessons to the Neo-Kaleckian literature on demand regimes, pointing towards the importance of some theoretical extensions, and to examine future prospects for the Brazilian economy.},
  file = {Carvalho, Rugitsky_2015_Growth and distribution in Brazil in the 21 st century revisiting the wage-led versus profit-led debate:/home/gpetrini/Zotero/storage/M3YDPRXB/Carvalho, Rugitsky_2015_Growth and distribution in Brazil in the 21 st century revisiting the wage-led versus profit-led debate.pdf:application/pdf},
  keywords = {METADATA,Principal,REVISTO},
  number = {2015 - 25},
  timestamp = {2018-07-12T18:36:46Z}
}

@article{carvalhoPersonalIncomeInequality2016,
  title = {Personal Income Inequality and Aggregate Demand},
  author = {Carvalho, Laura and Rezai, Armon},
  year = {2016},
  volume = {40},
  pages = {491--505},
  issn = {0309-166X},
  doi = {10.1093/cje/beu085},
  url = {https://academic.oup.com/cje/article/40/2/491/2605032},
  urldate = {2019-01-30},
  abstract = {Abstract.  This paper presents a theoretical and empirical investigation of how changes in the size distribution of income can affect aggregate demand and the d},
  journal = {Cambridge Journal of Economics},
  number = {2},
  timestamp = {2019-01-30T16:55:47Z}
}

@phdthesis{cavalcanti_divida_2017,
  title = {D\'ivida P\'ublica e Crescimento Liderado Pela Demanda Na Perspectiva Do Modelo Do Supermultiplicador Sraffiano},
  author = {Cavalcanti, Rodrigo Christianes},
  year = {2017},
  address = {{Rio de Janeiro}},
  file = {Fulltext:/home/gpetrini/Zotero/storage/993BWL4K/Cavalcanti - 2017 - DÍVIDA PÚBLICA E CRESCIMENTO LIDERADO PELA DEMANDA.pdf:application/pdf;Cavalcanti_2017_DÍVIDA PÚBLICA E CRESCIMENTO LIDERADO PELA DEMANDA NA PERSPECTIVA DO MODELO DO.pdf:/home/gpetrini/Zotero/storage/YL8KVC8C/Cavalcanti_2017_DÍVIDA PÚBLICA E CRESCIMENTO LIDERADO PELA DEMANDA NA PERSPECTIVA DO MODELO DO.pdf:application/pdf},
  keywords = {METADATA,REVISTO},
  school = {Universidade Federal do Rio de Janeiro},
  timestamp = {2018-07-12T14:06:58Z},
  type = {Disserta\c{c}\~ao ({{Mestrado}})}
}

@misc{center_for_open_science_osfhome_nodate,
  title = {{{OSFHOME}}},
  author = {{Center for Open Science}},
  url = {https://osf.io/},
  urldate = {2018-07-05},
  file = {Center for Open Science - OSFHOME.html:/home/gpetrini/Zotero/storage/Z2GZIGL5/Center for Open Science - OSFHOME.html:text/html},
  keywords = {ATENÇÃO,Principal,REVER},
  timestamp = {2018-07-05T18:11:23Z}
}

@incollection{correa_notas_2013,
  title = {{Notas sobre as din\^amicas relacionadas do consumo das fam\'ilias, da forma\c{c}\~ao bruta de capital fixo e das finan\c{c}as p\'ublicas brasileiras no per\'iodo 2004-2012}},
  booktitle = {{Padr\~ao de acumula\c{c}\~ao e desenvolvimento brasileiro}},
  author = {Corr{\^e}a, Vanessa Petrelli and Dos Santos, Cl{\'a}udio Hamilton Matos},
  editor = {Corr{\^e}a, Vanessa Petrelli},
  year = {2013},
  publisher = {{Editora Funda\c{c}\~ao Perseu Abramo}},
  address = {{S\~ao Paulo}},
  keywords = {FICHAR,REVISTO},
  timestamp = {2018-07-23T00:34:22Z}
}

@phdthesis{da_silva_teixeira_crescimento_2015,
  title = {Crescimento Liderado Pela Demanda Na Economia Norte-Americana Nos Anos 2000: Uma An\'alise a Partir Do Supermultiplicador Sraffiano Com Infla\c{c}\~ao de Ativos},
  shorttitle = {Crescimento Liderado Pela Demanda Na Economia Norte-Americana Nos Anos 2000},
  author = {Teixeira, Lucas Azeredo},
  year = {2015},
  address = {{Rio de Janeiro}},
  file = {da Silva Teixeira_2015_Crescimento liderado pela demanda na economia norte-americana nos anos 2000.pdf:/home/gpetrini/Zotero/storage/T7G26XY3/da Silva Teixeira_2015_Crescimento liderado pela demanda na economia norte-americana nos anos 2000.pdf:application/pdf;Fulltext:/home/gpetrini/Zotero/storage/ZH4I5ZIE/da Silva Teixeira - 2015 - Crescimento liderado pela demanda na economia nort.pdf:application/pdf},
  keywords = {METADATA,REVISTO},
  school = {Universidade Federal do Rio de Janeiro},
  timestamp = {2019-06-14T19:09:04Z},
  type = {Tese ({{Doutorado}})}
}

@article{davila-fernandez_piketty_2016,
  title = {Piketty in the Light of {{Pasinetti}} and {{Foley}}: {{Income}} Distribution, Economic Growth and Financial Fragility},
  author = {{D{\'a}vila-Fern{\'a}ndez}, Marwil J. and Oreiro, Jos{\'e} Luis},
  year = {2016},
  volume = {36},
  pages = {667--683},
  abstract = {ABSTRACT The paper discusses the hypothesis that the functional distribution of income is not necessary stable along the growth path of a capitalist economy. We reviewed Pasinetti and Foley models showing that if we use the traditional definition of capital, i.e., capital as the value of productive resources (i) r {$>$} g is a necessary condition for the existence of balanced growth, and it will not lead to an explosive process of income concentration and (ii) r {$>$} i is a necessary condition for a financially robust growth path. Thus we conclude that from a post-Keynesian perspective, Piketty's argument that the root of the increase of inequality in capitalism is that the capital return rate is higher than the growth rate of the economy is wrong.},
  file = {Dávila-Fernández, Oreiro_2016_Piketty in the light of Pasinetti and Foley Income distribution, economic growth and financial fragility:/home/gpetrini/Zotero/storage/98ZHZEWJ/Dávila-Fernández, Oreiro_2016_Piketty in the light of Pasinetti and Foley Income distribution, economic growth and financial fragility.pdf:application/pdf},
  journal = {Revista de Economia Pol\'itica},
  keywords = {Complementar,METADATA,REVISTO},
  number = {4},
  timestamp = {2018-07-16T13:45:43Z}
}

@incollection{dedecca_reducao_2014,
  title = {A Redu\c{c}\~ao Da Desigualdade e Seus Desafios},
  booktitle = {Presente e {{Futuro}} Do Desenvolvimento Brasileiro},
  author = {Dedecca, Claudio Salvadori},
  editor = {Calixtre, Andr{\'e} Bojikian and Biancarelli, Andr{\'e} Martins and Cintra, Marcos Ant{\^o}nio Macedo},
  year = {2014},
  publisher = {{IPEA}},
  address = {{Bras\'ilia}},
  file = {150605_livro_presente_futuro.pdf:/home/gpetrini/Zotero/storage/JVAL684A/150605_livro_presente_futuro.pdf:application/pdf},
  timestamp = {2018-07-27T22:20:17Z}
}

@incollection{dos_santos_notas_2013,
  title = {{Modelo de crescimento brasileiro e mudanca estrutural - avan\c{c}os e limites}},
  booktitle = {{Padr\~ao de acumula\c{c}\~ao e desenvolvimento brasileiro}},
  author = {Dos Santos, Cl{\'a}udio Hamilton Matos},
  editor = {Corr{\^e}a, Vanessa Petrelli},
  year = {2013},
  publisher = {{Editora Funda\c{c}\~ao Perseu Abramo}},
  address = {{S\~ao Paulo}},
  file = {Corrêa - Padrão de acumulação e desenvolvimento brasileiro.pdf:/home/gpetrini/Zotero/storage/SMMYGTW2/Corrêa - Padrão de acumulação e desenvolvimento brasileiro.pdf:application/pdf},
  keywords = {FICHAR,REVISTO},
  timestamp = {2018-12-10T11:52:57Z}
}

@book{dowbor_era_2017,
  title = {A Era Do Capital Improdutivo},
  author = {Dowbor, Ladislau},
  year = {2017},
  edition = {2a Impress},
  publisher = {{Outras palavras \& Autonomia Liter\'aria}},
  address = {{S\~ao Paulo}},
  file = {Dowbor_2017_A era do capital improdutivo:/home/gpetrini/Zotero/storage/D7YMEPIA/Dowbor_2017_A era do capital improdutivo.pdf:application/pdf},
  keywords = {LIVRO,REVISTO},
  timestamp = {2018-07-15T13:32:26Z}
}

@article{dutt_stagnation_1984,
  title = {Stagnation, Income Distribution and Monopoly Power},
  author = {Dutt, Amitava Krishna},
  year = {1984},
  volume = {8},
  pages = {25--40},
  file = {Dutt (1984).md:/home/gpetrini/Zotero/storage/WWZWWT57/Dutt (1984).md:text/markdown;Dutt - 1984 - Stagnation, income distribution and monopoly power.pdf:/home/gpetrini/Zotero/storage/XKRBDR2N/Dutt - 1984 - Stagnation, income distribution and monopoly power.pdf:application/pdf},
  journal = {Cambridge Journal of Economics},
  keywords = {LER,REVISTO},
  timestamp = {2018-09-04T18:12:16Z}
}

@article{fontana_future_2006,
  title = {The Future of {{Post Keynesian}} Economics},
  author = {Fontana, Giuseppe and Gerrard, Bill},
  year = {2006},
  volume = {59},
  issn = {2037-3643},
  url = {https://ojs.uniroma1.it/index.php/PSLQuarterlyReview/article/view/9863},
  urldate = {2018-09-10},
  abstract = {This paper assesses the current state of~Post~Keynesian~economics~and attempts to outline a strategy for its~future~development. It is argued that~Post~Keynesianeconomists have concentrated in recent years on the important pre-analytical task of searching for a sound methodological foundation upon which to develop analytical contributions to the development of~economic~theory and practice. It is then suggested that the~future~of~Post~Keynesian~economics~lies in the substantive task of constructing more general, encompassing understandings of~economic~behaviour that extend the applicability of existing~economic~theory to non-allocative modes of behaviour.~~JEL Codes: B22, E12},
  copyright = {Copyright (c) 2016 Giuseppe Fontana, Bill Gerrard},
  file = {9863-11883-1-PB.pdf:/home/gpetrini/Zotero/storage/ISJ3MNZA/9863-11883-1-PB.pdf:application/pdf;Fontana_Gerrard_2006_The future of Post Keynesian economics.pdf:/home/gpetrini/Zotero/storage/LND2TVVR/Fontana_Gerrard_2006_The future of Post Keynesian economics.pdf:application/pdf},
  journal = {PSL Quarterly Review},
  keywords = {Post Keynesian,REVER},
  number = {236},
  timestamp = {2018-09-10T12:43:58Z}
}

@article{fontenelle_alcances_2016,
  title = {{Alcances e limites da cr\'itica no contexto da cultura pol\'itica do consumo}},
  author = {Fontenelle, Isleide A.},
  year = {2016},
  volume = {30},
  pages = {255--278},
  file = {Fontenelle - 2016 - Alcances e limites da crítica no contexto da cultu.pdf:/home/gpetrini/Zotero/storage/3AYTDHUU/Fontenelle - 2016 - Alcances e limites da crítica no contexto da cultu.pdf:application/pdf},
  journal = {Estudos Avan\c{c}ados},
  keywords = {Consumo,METADATA,Principal,Reler,REVISTO},
  number = {87},
  timestamp = {2018-08-28T18:56:31Z}
}

@article{freitas_growth_2015,
  title = {Growth {{Rate}} and {{Level Effects}}, the {{Stability}} of the {{Adjustment}} of {{Capacity}} to {{Demand}} and the {{Sraffian Supermultiplier}}},
  author = {Freitas, Fabio and Serrano, Franklin},
  year = {2015},
  volume = {27},
  pages = {258--281},
  abstract = {The paper presents a simple but complete formal version of the Sraffian supermultiplier model in which (i) growth is led by the autonomous components of demand that do not create capacity; (ii) private productive investment is an induced expenditure; and (iii) income distribution is exogenous. We show that the main results of the long-period and fully adjusted versions of the model in terms of growth rate and level effects are quite similar and therefore that such results in no way require the full adjustment of capacity to demand. We then analyze a simple set of sufficient dynamic local stability conditions that allow the long-period positions to gravitate towards the fully adjusted position in which capacity is adjusted to demand and that also provide the upper limit to demand-led growth paths. Finally, we show how some critics of the model have misinterpreted it as being supply-led and how this has led to a further confusion between the analysis of the tendency towards a constant value of the capacity-saving-determined warranted rate of growth and the proper stability analysis of the opposite process of adjusting capacity to demand (which tends to adjust the warranted rate endogenously to the growth rate of autonomous demand).},
  file = {Freitas e Serrano - 2015 - Growth Rate and Level Effects, the Stability of th.pdf:/home/gpetrini/Zotero/storage/R7NV5ITQ/Freitas e Serrano - 2015 - Growth Rate and Level Effects, the Stability of th.pdf:application/pdf},
  journal = {Review of Political Economy},
  keywords = {METADATA,REVISTO},
  number = {3},
  timestamp = {2018-07-16T13:45:57Z}
}

@article{freitas_supermultiplicador_2007,
  title = {El Supermultiplicador Sraffiano y El Papel Dela Demanda Efectiva En Los Modelos de Crescimeno},
  author = {Freitas, F. and Serrano, F.},
  year = {2007},
  volume = {1},
  pages = {19--35},
  file = {Freitas_Serrano_2007_O Supermultiplicador Sraffiano e o papel da Demanda Efetiva nos Modelos de.pdf:/home/gpetrini/Zotero/storage/BR93GQPI/Freitas_Serrano_2007_O Supermultiplicador Sraffiano e o papel da Demanda Efetiva nos Modelos de.pdf:application/pdf;Fulltext:/home/gpetrini/Zotero/storage/FH5X3MN8/Freitas e Serrano - 2007 - O Supermultiplicador Sraffiano e o papel da Demand.pdf:application/pdf},
  journal = {Circus},
  keywords = {METADATA,REVISTO},
  number = {1},
  timestamp = {2018-07-12T14:46:35Z}
}

@article{girardi_long-run_2016,
  title = {Long-Run {{Effective Demand}} in the {{US Economy}}: {{An Empirical Test}} of the {{Sraffian Supermultiplier Model}}},
  author = {Girardi, Daniele and Pariboni, Riccardo},
  year = {2016},
  volume = {28},
  pages = {523--544},
  abstract = {The Sraffian supermultiplier is a model of demand-led growth that stresses the importance of the autonomous components of aggregate demand (exports, public spending and autonomous consumption). This article tests empirically some major implications of the model employing macroeconomic data for the United States. In particular, we study the long-run relation between autonomous demand and output through cointegration analysis. The results suggest that autonomous demand and output are cointegrated and that autonomous demand exerts a long-run effect on output. There is also some evidence of simultaneous causality, especially in the short-run. Movements in autonomous demand and in the investment share are also found to be positively related, with Granger-causality going from Z to I/Y.},
  journal = {Review of Political Economy},
  keywords = {METADATA,REVISTO},
  number = {4},
  timestamp = {2018-07-16T13:46:03Z}
}

@techreport{gobetti_tributacao_2016,
  title = {{Tributa\c{c}\~ao e distribui\c{c}\~ao da renda no Brasil: novas evid\^encias a partir das declara\c{c}\~oes tribut\'arias das pessoas f\'isicas}},
  author = {Gobetti, S{\'e}rgio Wulff and Orair, Rodrigo Oct{\'a}vio},
  year = {2016},
  pages = {20},
  address = {{Bras\'ilia (DF)}},
  institution = {{Centro Internacional de Pol\'iticas para o Crescimento Inclusivo (IPC-IG)}},
  abstract = {This article discuss if the empirical findings of the French economist Thomas Piketty on concentration of income and wealth in capitalist economies, mainly driven by income from capital, do not apply for Brazil. It raises the question that the under-reporting of top incomes in household surveys may compromise the conclusions that inequality is falling in the country. National accounts and income tax databases shows that the hypothesis that capital incomes are growing faster than labor income and that global inequality is increasing cannot be proved false.},
  file = {Gobetti e Orair - 2016 - Tributação e distribuição da renda no Brasil nova.pdf:/home/gpetrini/Zotero/storage/IDHIKUXP/Gobetti e Orair - 2016 - Tributação e distribuição da renda no Brasil nova.pdf:application/pdf},
  keywords = {METADATA,REVISTO},
  timestamp = {2018-07-12T18:45:10Z}
}

@techreport{godley_seven_1999,
  title = {Seven {{Unsustainable Processes}}: {{Medium}}-{{Term Prospects}} and {{Policies}} for the {{United States}} and the {{World}}},
  shorttitle = {Seven {{Unsustainable Processes}}},
  author = {Godley, Wynne},
  year = {1999},
  address = {{Annandale-On-Hudson}},
  institution = {{Levy Economics Institute}},
  abstract = {The purpose of the paper is not to make short-term predictions about the life expectancy of the current economic expansion in the United States, but to determine if the present stance of fiscal and trade policy is appropriate looking to the medium turn. The expansion has been generated by economic processes that are unsustainable--processes in private saving, private borrowing, and asset prices that have fueled the growth of demand against a negative impetus both from fiscal policy and from net export demand. Given unchanged fiscal policy and the consensus forecast for growth in the rest of the world, continued expansion requires that private expenditure continue to expand relative to income on a record and growing scale, and it seems impossible that this source of growth can be forthcoming indefinitely, although it may well continue into next year. When private demand falters, it will be necessary to bring about a substantial relaxation of fiscal policy and to ensure that there is a structural improvement in the United States's balance of payments.},
  keywords = {CITAR (apenas),REVISTO},
  number = {99-10},
  timestamp = {2018-07-12T18:46:40Z}
}

@phdthesis{goes_crescimento_2006,
  title = {Crescimento e Distribui\c{c}\~ao de Renda: {{Ensaios}} Sobre Macrodin\^amica},
  author = {G{\'o}es, Geraldo Sandoval},
  year = {2006},
  address = {{Bras\'ilia}},
  file = {Góes_2006_Crescimento e distribuição de renda Ensaios sobre macrodinâmica:/home/gpetrini/Zotero/storage/MU2VDBJU/Góes_2006_Crescimento e distribuição de renda Ensaios sobre macrodinâmica.pdf:application/pdf},
  keywords = {Complementar,METADATA,REVISTO},
  school = {UnB},
  timestamp = {2018-07-14T14:35:02Z},
  type = {Tese ({{Doutorado}})}
}

@incollection{grossmann-wirth_role_2018,
  title = {The {{Role}} of {{Debt Dynamics}} in {{US Household Consumption}}},
  booktitle = {International {{Macroeconomics}} in the {{Wake}} of the {{Global Financial Crisis}}},
  author = {{Grossmann-Wirth}, Vincent and Marsilli, Cl{\'e}ment},
  year = {2018},
  volume = {46},
  pages = {115--128},
  publisher = {{Springer, Cham}},
  address = {{Basileia}},
  abstract = {This chapter documents why US private consumption, while remaining the key engine of US growth, slowed after the financial crisis. To this purpose, we estimate an error-correction model for US consumption, accounting for the role of household debt flows before and after the crisis. Contrary to an analysis carried out in terms of net wealth, a decomposition of households' assets and liabilities shows how the pre-crisis period was characterized by an excessive indebtedness, which was both a source of short-term growth and of financial instability. In the current ``new normal'' situation, private consumption cannot rely on debt flows as much as before the crisis. This is, therefore, an important ``demand-side'' explanation for the much-debated low growth recovery.},
  file = {Grossmann-Wirth_Marsilli_2018_The Role of Debt Dynamics in US Household Consumption.pdf:/home/gpetrini/Zotero/storage/TGCYHMIA/Grossmann-Wirth_Marsilli_2018_The Role of Debt Dynamics in US Household Consumption.pdf:application/pdf},
  keywords = {METADATA,Principal,REVISTO},
  timestamp = {2018-07-27T23:54:44Z}
}

@phdthesis{guimaraes_credito_2016,
  title = {Cr\'edito \`As Fam\'ilias No {{Brasil}} (2004-2014): Uma An\'alise Descritiva e Um Estudo de Sua Sustentabilidade},
  shorttitle = {Cr\'edito \`As Fam\'ilias No {{Brasil}} (2004-2014)},
  author = {Guimar{\~a}es, Danilo Jorge Braz},
  year = {2016},
  address = {{Rio de Janeiro}},
  file = {Guimarães_2016_Crédito às famílias no Brasil (2004-2014).pdf:/home/gpetrini/Zotero/storage/ESR792IK/Guimarães_2016_Crédito às famílias no Brasil (2004-2014).pdf:application/pdf},
  keywords = {METADATA,REVISTO},
  school = {Universidade Federal do Rio de Janeiro},
  timestamp = {2018-07-15T12:18:54Z},
  type = {Monografia}
}

@techreport{hein_distribution_2014,
  title = {Distribution and {{Growth}} after {{Keynes}}},
  author = {Hein, Eckhard},
  year = {2014},
  address = {{Cheltenham, UK}},
  institution = {{Edward Elgar Publishing}},
  abstract = {In the first part of the book, Eckhard Hein presents a comprehensive overview of the main approaches towards distribution and growth including the contributions of Harrod and Domar, old and new neoclassical theories including the fundamental capital controversy critique, the post-Keynesian contributions of Kaldor, Pasinetti, Thirlwall and Robinson, and finally the approaches by Kalecki and Steindl. In the second part of the book neo- and post-Kaleckian models are gradually developed, introducing saving from wages, international trade, technological progress, interest and credit. Issues of `financialisation' are also explored and empirical results related to the different models are presented.},
  keywords = {REVISTO},
  timestamp = {2018-07-26T14:09:07Z},
  type = {Books}
}

@article{kaldor_model_1957,
  title = {A {{Model}} of {{Economic Growth}}},
  author = {Kaldor, Nicholas},
  year = {1957},
  volume = {67},
  pages = {591--624},
  file = {Kaldor - 1957 - A Model of Economic Growth.pdf:/home/gpetrini/Zotero/storage/4RX6FJ4I/Kaldor - 1957 - A Model of Economic Growth.pdf:application/pdf;kaldor (1957).md:/home/gpetrini/Zotero/storage/H7UDD6PF/kaldor (1957).md:text/markdown},
  journal = {The Economic Journal},
  keywords = {REVER,REVISTO},
  number = {268},
  timestamp = {2018-09-04T18:40:18Z}
}

@techreport{krein_trabalho_2012,
  title = {Trabalho No {{Governo Lula}}: {{Avan\c{c}os}} e Contradi\c{c}\~oes},
  author = {Krein, Jos{\'e} Dari and Santos, Anselmo Luis and Nunes, Bartira Tardelli},
  year = {2012},
  institution = {{IE-Unicamp}},
  abstract = {PDF Online Viewer, Reader is a free online tool that allows you to view PDF, DOC, XLS, PPT files directly in your web browser. PDF Viewer Online reads files without uploading the file to any servers. It does not save or share the file you select. It only works locally without going through the server. Powered by HTML5 technology \& Mozilla PDF Web Reader},
  file = {Krein et al. - 2012 - Trabalho no Governo Lula Avanços e contradições.pdf:/home/gpetrini/Zotero/storage/ZMPP9BDR/Krein et al. - 2012 - Trabalho no Governo Lula Avanços e contradições.pdf:application/pdf},
  keywords = {REVER},
  timestamp = {2018-07-28T12:47:41Z}
}

@article{kurz_effective_1990,
  title = {Effective {{Demand}}, {{Employment}} and {{Capital Utilisation}} in the {{Short Run}}},
  author = {Kurz, Heinz D.},
  year = {1990},
  volume = {14},
  pages = {205--217},
  abstract = {This paper attempts to help clarify the many-faceted notion of capital utilization in the theory of effective demand. The problem is dealt with in terms of a simple two-sector model. Two aspects of capital utilization are distinguished: (1) the microeconomic aspect of the choice among alternative systems of operation of plant and equipment; and (2) the macroeconomic aspect of which proportion of the existing capital stock will actually be used. Some support is provided for the view that the short run is sometimes a "cooperative game" in which both labor and capital gain. Copyright 1990 by Oxford University Press.},
  journal = {Cambridge Journal of Economics},
  keywords = {LER,REVER,Sem PDF},
  number = {2},
  timestamp = {2018-09-04T18:39:59Z}
}

@article{lacerda_dinamica_2017,
  title = {Din\^amica e Evolu\c{c}\~ao Da Crise: Discutindo Alternativas},
  author = {Lacerda, Ant{\^o}nio Corr{\^e}a},
  year = {2017},
  volume = {31},
  pages = {37--49},
  abstract = {Introdu\c{c}\~ao retomada do crescimento se apresenta como um dos grandes desafios para a sociedade brasileira ap\'os dois anos de profunda crise, em 2015 e 2016. Depois de um per\'iodo de expans\~ao da renda e diminui\c{c}\~ao da desi-gualdade na primeira d\'ecada deste s\'eculo, fortemente influenciada pelo desem-penho da economia mundial e da eleva\c{c}\~ao dos pre\c{c}os das commodities, vemo--nos novamente diante da recess\~ao e seus reflexos. Recuperar os investimentos \'e algo que se mostra imprescind\'ivel para a sa\'ida da crise. Foram v\'arios os fatores que fizeram que houvesse essa retra\c{c}\~ao. O almejado ajuste fiscal implicou cortes de gastos, incluindo os investi-mentos, n\~ao apenas por parte da Uni\~ao, mas tamb\'em dos estados e munic\'ipios. Ressalte-se ainda que o aumento da taxa b\'asica de juros (Selic) e a sua manuten-\c{c}\~ao em n\'ivel elevado, al\'em de estimular as aplica\c{c}\~oes financeiras em detrimento dos investimentos na produ\c{c}\~ao e infraestrutura, tamb\'em encareceu o custo do cr\'edito e do financiamento, outro fator desestimulador das novas invers\~oes. Um terceiro fator foi o impacto da retra\c{c}\~ao chinesa e a queda nos pre\c{c}os das commodities. Ao contr\'ario do se poderia pensar, a diminui\c{c}\~ao dos pre\c{c}os do petr\'oleo bruto, dos min\'erios e da soja, para citar os principais, n\~ao afetou so-mente o resultado das exporta\c{c}\~oes, mas tamb\'em inibiu novos projetos por parte de grandes empresas, devido \`a queda da sua receita e rentabilidade. O quarto fator, a Opera\c{c}\~ao Lava Jato, sem entrar no m\'erito da sua utilida-de para coibir a corrup\c{c}\~ao, tem significado na pr\'atica a paralisia de setores-chave para o pa\'is, como os complexos de petr\'oleo e g\'as, constru\c{c}\~ao pesada e toda a sua cadeia de fornecedores e prestadores de servi\c{c}os. Por \'ultimo, mas n\~ao menos importante, a crise pol\'itica gera incerteza quanto ao futuro, tamb\'em impactando negativamente as decis\~oes, levando ao adiamento, ou mesmo cancelamento de investimentos. Como todos esses fatores continuam presentes no cen\'ario pol\'itico-eco-n\^omico, nada nos faz crer que o quadro possa se alterar e teremos uma nova retra\c{c}\~ao expressiva nos investimentos este ano. Mas, por outro lado, nada indica que estejamos fadados a uma crise intermi-n\'avel. H\'a aspectos relevantes a serem considerados. O Brasil \'e o \'unico pa\'is do G-20 que tem, por exemplo, uma expressiva demanda ainda reprimida na infraestrutura. H\'a muitas outras oportunidades no agroneg\'ocio, na ind\'ustria e nos servi\c{c}os. Din\^amica e evolu\c{c}\~ao da crise: discutindo alternativas ANTONIO CORR\^EA DE LACERDA I A 10.1590/s0103-40142017.31890005 ESTUDOS AVAN\c{C}ADOS 31 (89), 2017 38 Isso talvez explique a atratividade da economia brasileira para investimen-tos do exterior que tem coberto com sobra os d\'eficits no balan\c{c}o de transa\c{c}\~oes correntes. S\'o de investimentos diretos estrangeiros houve ingressos de US\$ 79 bilh\~oes no acumulado de 2016, colocando-nos dentre os sete pa\'ises que mais receberam essa modalidade de capitais, que incluem as fus\~oes e aquisi\c{c}\~oes e ainda os empr\'estimos intercompanhia. Ou seja, apesar da crise, muitas empresas estrangeiras se interessaram em investir no Brasil, certamente considerando o potencial de mercado e de crescimento futuro. Internamente, as elevadas taxas de juros oferecidas para os credores da d\'ivida p\'ublica continuam sendo um fator de desest\'imulo aos investimentos em novos projetos de infraestrutura. No \^ambito federal h\'a um montante mapeado de projetos da ordem de R\$ 200 bilh\~oes em infraestrutura, envolvendo estradas, ferrovias, portos, aero-portos. S\~ao oportunidades que, no entanto, n\~ao devem se desenvolver no curto prazo. Al\'em do aspecto j\'a apontado da elevada taxa de juros, prevalecem outros de incerteza, como a quest\~ao do licenciamento ambiental, que \'e bastante demo-rada, al\'em de entraves burocr\'aticos e administrativos. Portanto, a cria\c{c}\~ao de um ambiente favor\'avel aos investimentos passa pela resolu\c{c}\~ao ou minimiza\c{c}\~ao de todos os aspectos pol\'itico-econ\^omicos apontados, cuja supera\c{c}\~ao poder\'a transformar em oportunidade o que muitas vezes \'e visto apenas como problema, especialmente no que se refere aos gargalos de infraes-trutura e log\'istica.},
  file = {Lacerda_2017_Dinâmica e evolução da crise discutindo alternativas:/home/gpetrini/Zotero/storage/T2XIXC33/Lacerda_2017_Dinâmica e evolução da crise discutindo alternativas.pdf:application/pdf},
  journal = {Estudos Avan\c{c}ados},
  keywords = {Crise_BR,METADATA,Principal,REVISTO},
  number = {89},
  timestamp = {2018-07-16T13:46:16Z}
}

@book{lavoie_post-keynesian_2014,
  title = {Post-{{Keynesian Economics}}: {{New Foundations}}},
  shorttitle = {Post-{{Keynesian Economics}}},
  author = {Lavoie, Marc},
  year = {2014},
  publisher = {{Edward Elgar Publishing}},
  address = {{Cheltenham, UK}},
  abstract = {The book is a considerably extended and fully revamped edition of the highly successful and frequently cited Foundations of Post-Keynesian Economic Analysis, published in 1992. It provides an exhaustive account of post-Keynesian economics and of\o{} the d},
  keywords = {REVISTO},
  timestamp = {2018-07-26T15:39:31Z}
}

@inproceedings{mandarino_households_2018,
  title = {Households' {{Debt}}-Nanced {{Consumption}}: {{A Supermultiplier SFC}} Model},
  booktitle = {I {{Encontro}} de {{Economia}} de {{Jovens Pesquisadores IE}}-{{UFRJ}} \& {{IE}}-{{UNICAMP}}},
  author = {Mandarino, Gabriel Mandarino},
  year = {2018},
  address = {{Campinas}},
  abstract = {In the original version of the Sraan Supermultiplier growth model, the autonomous component of demand (Z) is said to be the workers' consumption nanced by credit. Our main objective is to comprehend the implications of the Supermultiplier growth model with workers' debt framed by the Stock-Flow Consistent approach. We run tests in our SFC model, shocking variables such as the in-terest rate and the wage share to comprehend their main eects. Results follow the original model, and presents new ones.},
  keywords = {METADATA,MIMEO,REVISTO},
  timestamp = {2018-07-12T19:13:53Z}
}

@article{medeiros_composicao_2018-1,
  title = {A Composi\c{c}\~ao Da Renda No Topo Da Distribui\c{c}\~ao: Evolu\c{c}\~ao No {{Brasil}} Entre 2006 e 2012, a Partir de Informa\c{c}\~oes Do {{Imposto}} de {{Renda}}},
  shorttitle = {A Composi\c{c}\~ao Da Renda No Topo Da Distribui\c{c}\~ao},
  author = {Medeiros, Marcelo and de Castro, F{\'a}bio {\'A}vila},
  year = {2018},
  volume = {27},
  pages = {577--605},
  issn = {1982-3533, 0104-0618},
  doi = {10.1590/1982-3533.2017v27n2art8},
  url = {http://www.scielo.br/scielo.php?script=sci_arttext&pid=S0104-06182018000200577&lng=pt&tlng=pt},
  urldate = {2018-09-04},
  file = {Medeiros_Castro_2018_A composição da renda no topo da distribuição.pdf:/home/gpetrini/Zotero/storage/2D7ZP6N2/Medeiros_Castro_2018_A composição da renda no topo da distribuição.pdf:application/pdf},
  journal = {Economia e Sociedade},
  keywords = {LER,REVISTO},
  number = {2},
  timestamp = {2018-09-04T18:02:48Z}
}

@article{medeiros_upper_2015,
  title = {The {{Upper Tip}} of {{Income Distribution}} in {{Brazil}}: {{First Estimates}} with {{Income Data}} and a {{Comparison}} with {{Household Surveys}} (2006-2012)},
  author = {Medeiros, Marcelo and de Souza, Pedro H. G. Ferreira and de Castro, F{\'a}bio Avila and Medeiros, Marcelo and de Souza, Pedro H. G. Ferreira and de Castro, F{\'a}bio Avila},
  year = {2015},
  volume = {58},
  pages = {7--36},
  abstract = {Este artigo apresenta a primeira estimativa da concentra\c{c}\~ao de renda entre osmais ricos no Brasil calculada com base nas declara\c{c}\~oes de Imposto de Renda dePessoas F\'isicas para os anos de 2006 a 2012. As principais medidas dedesigualdade s\~ao as fra\c{c}\~oes da renda total apropriada pelos 0,1\%, 1\% e 5\% maisricos. Os resultados s\~ao testados e comparados com os das pesquisas domiciliaresbrasileiras. O artigo conclui que os dados tribut\'arios revelam uma concentra\c{c}\~aono topo substancialmente maior do que as outras fontes e, em termos gerais, elapermanece est\'avel no per\'iodo analisado.Palavras-Chave: desigualdade de renda; altos rendimentos; ricos; imposto de renda},
  file = {Medeiros et al_2015_The Upper Tip of Income Distribution in Brazil.pdf:/home/gpetrini/Zotero/storage/8YCRJKQU/Medeiros et al_2015_The Upper Tip of Income Distribution in Brazil.pdf:application/pdf},
  journal = {Dados - Revista de Ci\^encias Sociais},
  keywords = {METADATA,Rever revista},
  number = {1},
  timestamp = {2018-07-16T13:46:22Z}
}

@phdthesis{mila_income_2015,
  title = {Income {{Concentration}} in a {{Context}} of {{Late Development}}: {{An Investigation}} of {{Top Incomes}} in {{Brazil}} Using {{Tax Records}}, 1933\textendash 2013},
  author = {Mil{\'a}, Marc Morgan},
  year = {2015},
  address = {{Paris}},
  abstract = {This paper presents new estimates on income concentration in Brazil over its development trajectory from 1933 to 2013 using individual tax records. The findings confirm Brazil's status as one of the world's most unequal countries, with concentration levels unrivalled elsewhere. Income has been highly concentrated at the top of the distribution, with the top 1 per cent amassing a share of 27 percent in 2013, and consistently fluctuating around 25 per cent since the mid 1970's. The majority of the income of the very rich in Brazil is not subject to the personal income tax, explaining their low tax liability and the difference between top shares of taxable income and top shares of total income, the latter registering much higher levels of concentration. We also present evidence that household surveys underestimate the extent of income inequality in Brazil. The overall findings illustrate the additional taxable capacity of top income groups, especially in a context where they are not investing as much in the productive capacities of the economy as their share of total income would justify.},
  file = {Milá - 2015 - Income Concentration in a Context of Late Developm.pdf:/home/gpetrini/Zotero/storage/IT4WPCAY/Milá - 2015 - Income Concentration in a Context of Late Developm.pdf:application/pdf},
  keywords = {METADATA,REVISTO},
  school = {Paris School of Economics},
  timestamp = {2018-07-15T12:39:48Z},
  type = {Disserta\c{c}\~ao ({{Mestrado}})}
}

@book{milgate_capital_1982,
  title = {Capital and {{Employment}}: {{A}} Study of {{Keynes}}'s {{Economics}}},
  author = {Milgate, Murray},
  editor = {Eatwell, John},
  year = {1982},
  edition = {First},
  publisher = {{Elsevier}},
  address = {{London}},
  keywords = {Complementar,LIVRO,REVISTO},
  timestamp = {2018-07-15T13:32:31Z}
}

@article{moreira_demanda_2018,
  title = {Demanda Efetiva No Longo Prazo e No Processo de Acumula\c{c}\~ao: O Debate Sraffiano a Partir Do Projeto de {{Garagnani}} (1962)},
  author = {Moreira, Vivian Garrido and Serrano, Franklin},
  year = {2018},
  volume = {27},
  pages = {1--23},
  issn = {No prelo},
  annotation = {note =  \{No prelo\}},
  file = {Moreira, Serrano_2018_Demanda efetiva no longo prazo e no processo de acumulação o debate sraffiano a partir do projeto de Garag(1962):/home/gpetrini/Zotero/storage/3RT6H4CG/Moreira, Serrano_2018_Demanda efetiva no longo prazo e no processo de acumulação o debate sraffiano a partir do projeto de Garag(1962).pdf:application/pdf},
  journal = {Economia e Sociedade},
  keywords = {FICHAR,Principal,Publi_Futura,REVISTO},
  number = {2},
  timestamp = {2018-07-15T13:27:23Z}
}

@article{moreira_demanda_nodate,
  title = {{Demanda efetiva no longo prazo e no processo de acumula\c{c}\~ao: o debate sraffiano a partir do projeto de Garegnani (1962) }},
  author = {Moreira, Vivian Garrido and Serrano, Franklin},
  volume = {27},
  pages = {30},
  file = {Moreira e Serrano - Demanda efetiva no longo prazo e no processo de ac.pdf:/home/gpetrini/Zotero/storage/PVBLWP42/Moreira e Serrano - Demanda efetiva no longo prazo e no processo de ac.pdf:application/pdf},
  journal = {Economia e Sociedade},
  number = {2},
  timestamp = {2019-01-10T13:39:22Z}
}

@inproceedings{moreira_o_2017,
  title = {O Debate Envolvendo o Efeito Acelerados e a Controv\'ersia Sobre o Modelo Do Supermultiplicador Sraffiano},
  booktitle = {Anais Do {{X Encontro Internacional}} Da {{Associa\c{c}\~ao Keynesiana Brasileira}}},
  author = {Moreira, Vivian Garrido and Serrano, Franklin},
  year = {2017},
  pages = {1--20},
  publisher = {{Even3}},
  address = {{Bras\'ilia (DF) UnB}},
  abstract = {RESUMO O trabalho discute os requisitos te\'oricos para o ajustamento da capacidade produtiva \`a tend\^encia da demanda, no contexto do modelo do supermultiplicador sraffiano, atrav\'es de sua controv\'ersia na literatura, que girou basicamente em torno da hip\'otese de acelerador r\'igido. Para alguns isto implicaria em cont\'inua plena utiliza\c{c}\~ao da capacidade, requerendo que a demanda se ajustasse \`a capacidade. Para outros, implicaria em excessiva sensibilidade do investimento \`a demanda, gerando instabilidade. Desenvolvimentos recentes, no entanto, confirmam que n\~ao h\'a suposi\c{c}\~ao de acelerador r\'igido, sendo o modelo plenamente compat\'ivel com o acelerador flex\'ivel e atendendo \`as condi\c{c}\~oes de crescimento liderado pela demanda. Palavras-Chave: demanda efetiva, lei de Say, acelerador, supermultiplicador. C\'odigos JEL: B51, E11, O41 THE DEBATE CONCERNING THE ACCELERATOR EFFECT AND THE CONTROVERSY ABOUT THE SRAFFIAN SUPERMULTIPLIER MODEL ABSTRACT The paper discusses the requirements for capacity to adjust to the trend of demand, in the context of the controversy over the sraffian supermultiplier model that has revolved basically around the assumption of a rigid accelerator. To some this would imply continuous full capacity utilization, which would require that demand adjusted itself to capacity. To others it would imply that investment is too sensitive to demand, generating instability. Recent developments, however, confirm that the model is fully compatible with flexible accelerator hypotheses and meets the conditions for demand led growth.},
  file = {Moreira, Serrano_2017_O debate envolvendo o efeito acelerados e a controvérsia sobre o modelo do supermultiplicador sraffiano:/home/gpetrini/Zotero/storage/JF6EVZVP/Moreira, Serrano_2017_O debate envolvendo o efeito acelerados e a controvérsia sobre o modelo do supermultiplicador sraffiano.pdf:application/pdf},
  keywords = {FICHAR,Principal,Rever editora},
  timestamp = {2018-07-15T13:27:16Z}
}

@techreport{nikiforos_comments_2018,
  title = {Some Comments on the {{Sraffian Supermultiplier}} Approach to Growth and Distribution},
  author = {Nikiforos, Michalis},
  year = {2018},
  pages = {1--23},
  address = {{Annandale-On-Hudson}},
  institution = {{Levy Economics Institute of Bard College}},
  abstract = {The paper discusses the Sraffian Supermultiplier (SSM) approach to growth and distribution. It makes five points. First, in the short run the role of autonomous expenditure can be appreciated within a standard post-Keynesian framework (Kaleckian, Kaldorian, Robinsonian, etc.). Second, and related to the first, the SSM model is a model of the long run and has to be evaluated as such. Third, in the long run, one way that capacity adjusts to demand is through an endogenous adjustment of the rate of utilization. Fourth, the SSM model is a peculiar way to reach what Garegnani called the " Second Keynesian Position. " Although, it respects the letter of the " Keynesian hypothesis, " it makes investment quasi-endogenous and subjects it to the growth of autonomous expenditure. Fifth, in the long run it is unlikely that " autonomous expenditure " is really autonomous. From a stock-flow consistent point of view this implies unrealistic adjustments after periods of changes in stock-flow ratios. Moreover, if we were to take this kind of adjustment at face value, there would be no space for Minskyan financial cycles. This also creates serious problems for the empirical validation of the model.},
  file = {Nikiforos_2018_Some comments on the Sraffian Supermultiplier approach to growth and distribution:/home/gpetrini/Zotero/storage/PR7MAPQY/Nikiforos_2018_Some comments on the Sraffian Supermultiplier approach to growth and distribution.pdf:application/pdf},
  keywords = {Complementar,METADATA,Rever lugar},
  number = {907},
  timestamp = {2018-07-11T18:37:46Z}
}

@techreport{noauthor_globalizing_2006,
  title = {Globalizing {{Inequality}}: `{{Centrifugal}}' and `{{Centripetal}}' {{Forces}} at {{Work}}},
  shorttitle = {Globalizing {{Inequality}}},
  year = {2006},
  doi = {10.18356/395c7874-en},
  url = {https://www.un-ilibrary.org/economic-and-social-development/globalizing-inequality_395c7874-en},
  urldate = {2018-09-10},
  abstract = {This paper reassesses national income inequalities in this era of globalization. The main conclusion is that two opposite forces are at work: one `centrifugal' at the two extremes of the distribution\textemdash increasing the disparity of income shares appropriated by the top and by the bottom four deciles across countries; and the other `centripetal' in the middle\textemdash increasing the uniformity of the share of income going to deciles 5 to 9. Therefore, globalization is creating a situation where virtually all the intercountry diversity of income distribution is the result of differences in what the rich and the poor get in each country.},
  file = {2006 - Globalizing Inequality ‘Centrifugal’ and ‘Centrip.pdf:/home/gpetrini/Zotero/storage/IJ7D6ES6/2006 - Globalizing Inequality ‘Centrifugal’ and ‘Centrip.pdf:application/pdf},
  keywords = {REVER},
  number = {35},
  timestamp = {2018-09-10T12:41:03Z},
  type = {{{UN Department}} of {{Economic}} and {{Social Affairs}} ({{DESA}}) {{Working Papers}}}
}

@misc{noauthor_levrero_nodate,
  title = {Levrero, {{Antonella Palumbo}} and {{Antonella Stirati Eds}}.-{{Sraffa}} and the {{Reconstruction}} of {{Economic Theory}}\_ {{Volume Two Aggregate Demand}}, {{Policy Analysis}} and {{Growth}}-{{Palgrave Mac}}.Pdf - G155468@dac.Unicamp.Br},
  url = {https://mail.google.com/mail/u/1/?ui=2&view=btop&ver=1tidry464vmkf#attid%253Datt_166163fe6d95d7fe_0.1_f_jmj8cyxj1},
  urldate = {2018-09-26},
  file = {Levrero, Antonella Palumbo and Antonella Stirati Eds.-Sraffa and the Reconstruction of Economic Theory_ Volume Two Aggregate Demand, Policy Analysis and Growth-Palgrave Mac.pdf - g155468@dac.unicamp.br:/home/gpetrini/Zotero/storage/8B2PPFCG/1.html:text/html},
  timestamp = {2018-09-26T14:24:23Z}
}

@article{palley_inequality_2017,
  title = {Inequality and Growth in Neo-{{Kaleckian}} and {{Cambridge}} Growth Theory},
  author = {Palley, Thomas I.},
  year = {2017},
  volume = {5},
  pages = {146--169},
  issn = {20495331, 20495323},
  doi = {10.4337/roke.2017.02.02},
  url = {https://www.elgaronline.com/view/journals/roke/5-2/roke.2017.02.02.xml},
  urldate = {2018-09-12},
  abstract = {This paper examines the relationship between inequality and growth in the neo-Kaleckian and Cambridge growth models. It explores the channels whereby functional and personal income distribution impact growth. The growth\textendash inequality relationship can be negative or positive, depending on the economy's characteristics. Contrary to widespread claims, inequality per se does not impact growth through macroeconomic channels. Instead, both growth and inequality are impacted by changes in the underlying forms and pattern of income payments. However, inequality is critical at the microeconomic level as it explains differences in household propensities to consume which are at the foundation of neo-Kaleckian and Cambridge growth theory.},
  file = {Palley_2017_Inequality and growth in neo-Kaleckian and Cambridge growth theory.pdf:/home/gpetrini/Zotero/storage/59TDLH8S/Palley_2017_Inequality and growth in neo-Kaleckian and Cambridge growth theory.pdf:application/pdf},
  journal = {Review of Keynesian Economics},
  keywords = {Importante,REVER},
  number = {2},
  timestamp = {2018-09-12T18:29:49Z}
}

@article{palma_homogeneous_2011-1,
  title = {Homogeneous {{Middles}} vs. {{Heterogeneous Tails}}, and the {{End}} of the `{{Inverted}}-{{U}}': {{It}}'s {{All About}} the {{Share}} of the {{Rich}}: {{{\emph{It}}}}{\emph{'s }}{{{\emph{All About}}}}{\emph{ the }}{{{\emph{Share}}}}{\emph{ of the }}{{{\emph{Rich}}}}},
  author = {Palma, Jos{\'e} Gabriel},
  year = {2011},
  volume = {42},
  pages = {87--153},
  abstract = {This article examines distributional disparities within nations. There are six main conclusions. First, about 80 per cent of the world's population now lives in regions whose median country has a Gini close to 40. Second, as outliers are now only located among middle-income and rich countries, the `upwards' side of the `Inverted-U' between inequality and income per capita has evaporated (and with it the hypothesis that posits that `things have to get worse before they can get better'). Third, among middle-income countries, Latin America and mineral-rich Southern Africa are uniquely unequal, while Eastern Europe follows a distributional path similar to the Nordic countries. Fourth, among rich countries there is a large (and growing) distributional diversity. Fifth, within a global trend of rising inequality, there are two opposite forces at work. One is `centrifugal' and leads to an increased diversity in the shares of the top 10 per cent and bottom 40 per cent. The other is `centripetal' and leads to a growing uniformity in the income-share appropriated by deciles 5 to 9. Therefore, half of the world's population (the middle and upper-middle classes) have acquired strong `property rights' over half of their respective national incomes; the other half of this income, however, is increasingly up for grabs between the very rich and the poor. And sixth, globalization is thus creating a distributional scenario in which what really matters is the income-share of the rich (because the rest `follows').},
  file = {Palma - 2011 - Homogeneous Middles vs. Heterogeneous Tails, and t.pdf:/home/gpetrini/Zotero/storage/NXY8FXEE/Palma - 2011 - Homogeneous Middles vs. Heterogeneous Tails, and t.pdf:application/pdf},
  journal = {Development and Change},
  number = {1},
  timestamp = {2018-09-10T12:15:34Z}
}

@article{pariboni_autonomous_2016,
  title = {Autonomous Demand and the {{Marglin}}\textendash{{Bhaduri}} Model: A Critical Note},
  shorttitle = {Autonomous Demand and the {{Marglin}}\textendash{{Bhaduri}} Model},
  author = {Pariboni, Riccardo},
  year = {2016},
  volume = {4},
  pages = {409--428},
  issn = {20495331, 20495323},
  doi = {10.4337/roke.2016.04.04},
  url = {https://www.elgaronline.com/view/journals/roke/4-4/roke.2016.04.04.xml},
  urldate = {2018-09-12},
  abstract = {Within post-Keynesian macroeconomic theory, the contribution by Marglin and Bhaduri (Bhaduri and Marglin 1990; Marglin and Bhaduri 1990) on the relationship between income distribution and growth has progressively asserted itself as a benchmark model, a reference point that has originated and still gives rise to plenty of theoretical and empirical works. Given this popularity, in the related literature it is often claimed that the only open question left is an empirical one: to assess econometrically whether a particular economy is wage- or profit-led. In this essay, I will argue that some theoretical issues, related to this model and to the literature inspired by it, can nonetheless be raised. In particular, the treatment of investment appears to be the least convincing aspect of the approach \`a la Marglin\textendash Bhaduri. More specifically, it seems possible to raise some doubts about an independent long-run influence of the profit rate or of the profit share on investment, an influence that is not in general justified or explained in detail by this literature and that to some extent is simply taken for granted. It will be shown that, if the Marglin\textendash Bhaduri model is integrated with an explicit consideration of the autonomous components of demand, income distribution does not exert any permanent influence on the rate of growth of the economy and on the rate of accumulation. Matching this result with the usual assumption, made in post-Keynesian models of growth and distribution, that capacity utilization is the adjusting variable in equilibrating investment and savings leads to paradoxical results that question the plausibility of an accumulation function like the one used in the Marglin\textendash Bhaduri model.},
  file = {Pariboni_2016_Autonomous demand and the Marglin–Bhaduri model.pdf:/home/gpetrini/Zotero/storage/8LXN92TG/Pariboni_2016_Autonomous demand and the Marglin–Bhaduri model.pdf:application/pdf},
  journal = {Review of Keynesian Economics},
  keywords = {REVER},
  number = {4},
  timestamp = {2018-09-12T18:24:48Z}
}

@article{pasinetti_rate_1962,
  title = {Rate of {{Profit}} and {{Income Distribution}} in {{Relation}} to the {{Rate}} of {{Economic Growth}}},
  author = {Pasinetti, Luigi L.},
  year = {1962},
  volume = {29},
  pages = {267},
  file = {Pasinetti - 1962 - Rate of Profit and Income Distribution in Relation.pdf:/home/gpetrini/Zotero/storage/QBPJPX2S/Pasinetti - 1962 - Rate of Profit and Income Distribution in Relation.pdf:application/pdf},
  journal = {The Review of Economic Studies},
  keywords = {LER,REVISTO},
  number = {4},
  timestamp = {2018-09-04T18:39:48Z}
}

@article{paulani_nao_2017,
  title = {N\~ao H\'a Sa\'ida Sem a Revers\~ao Da Financeiriza\c{c}\~ao},
  author = {Paulani, Leda Maria},
  year = {2017},
  volume = {31},
  pages = {29--35},
  abstract = {Introdu\c{c}\~ao este momento da hist\'oria brasileira, falar de sa\'idas para a crise econ\^o-mica implica considerar duas ordens de fatores que se colocam como pressupostos, a primeira de ordem mais geral, e a segunda mais atinente \`a quest\~ao econ\^omica ou socioecon\^omica propriamente dita. Farei r\'apida men-\c{c}\~ao \`a primeira nesta introdu\c{c}\~ao e, na sequ\^encia, tratarei de modo mais acurado, ainda que brevemente, da segunda. A consuma\c{c}\~ao do golpe de Estado que destituiu a presidenta eleita Dilma Rousseff em agosto de 2016 agregou \`a crise econ\^omica e social j\'a em curso uma crise pol\'itico-institucional de largas propor\c{c}\~oes, com seguidos conflitos e bate-cabe\c{c}as entre os poderes constitu\'idos. \`Aquelas alturas, j\'a est\'avamos com o sexto trimestre seguido de queda no PIB, com o desemprego se elevando em velocidade escalar e com tens\~oes sociais crescentes decorrentes n\~ao s\'o da inseguran\c{c}a de renda, que passa a atingir parcela substantiva da popula\c{c}\~ao, mas tamb\'em das dificuldades or\c{c}ament\'arias de estados e munic\'ipios, com sal\'arios de servidores em atraso e colapso dos servi\c{c}os p\'ublicos. A destitui\c{c}\~ao da presidenta sem efetivo crime de responsabilidade, vis-ta como golpe por boa parte do mundo, inclusive pela imprensa internacional conservadora, explicitou a ilegitimidade dos novos donos do poder, de pronto associada \`as seguidas e reiteradas den\'uncias de corrup\c{c}\~ao envolvendo n\~ao s\'o o mandat\'ario mor, como praticamente todo o primeiro escal\~ao do governo. Diante esse quadro, a tese de que o impeachment seria a varinha m\'agica capaz de restaurar expectativas, recuperar o investimento e fazer renascer o cres-cimento econ\^omico, tese em si bastante discut\'ivel, foi rapidamente desmentida, em meio a um cen\'ario de elevada rotatividade dos mais altos quadros governa-mentais, desobedi\^encia a ordens judiciais e disputas sobre quem legisla, quem manda e quem julga. N\~ao \'e preciso grande esfor\c{c}o para perceber que, nesse cen\'ario de degrada\c{c}\~ao, com o grau de incerteza que arrasta consigo, o inves-timento privado n\~ao retomaria de imediato por for\c{c}a da mera substitui\c{c}\~ao da chefe do executivo (substitui\c{c}\~ao, de resto, apoiada indistintamente por todas as elites do pa\'is, incluindo-se a\'i a elite econ\^omica, produtiva e/ou rentista). 1 Instalado o caos, a crise pol\'itica passa a contar como elemento adicional de deteriora\c{c}\~ao do quadro econ\^omico, que, por sua vez, agrava ainda mais a tens\~ao e a desordem pol\'itico-institucional, num c\'irculo vicioso digno do inferno N\~ao h\'a sa\'ida sem a revers\~ao da financeiriza\c{c}\~ao LEDA MARIA PAULANI I N 10.1590/s0103-40142017.31890004 ESTUDOS AVAN\c{C}ADOS 31 (89), 2017 30 de Dante. Isso posto, parece evidente que uma " resolu\c{c}\~ao " da crise econ\^omica, qualquer que ela seja, passa inexoravelmente pela necessidade de desatar esse n\'o. Mantidas as atuais condi\c{c}\~oes, ainda que alguma recupera\c{c}\~ao aconte\c{c}a por for\c{c}a da natureza c\'iclica da economia capitalista, 2 ela n\~ao passar\'a de um resultado med\'iocre e insustent\'avel.},
  file = {Paulani_2017_Não há saída sem a reversão da financeirização:/home/gpetrini/Zotero/storage/PYYDJR6H/Paulani_2017_Não há saída sem a reversão da financeirização.pdf:application/pdf},
  journal = {Estudos Avan\c{c}ados},
  keywords = {FICHAR,REVISTO},
  number = {89},
  timestamp = {2018-07-16T13:46:36Z}
}

@article{piketty_inequality_2014,
  title = {Inequality in the Long Run.},
  author = {Piketty, Thomas and Saez, Emmanuel},
  year = {2014},
  volume = {344},
  pages = {838--43},
  abstract = {This Review presents basic facts regarding the long-run evolution of income and wealth inequality in Europe and the United States. Income and wealth inequality was very high a century ago, particularly in Europe, but dropped dramatically in the first half of the 20th century. Income inequality has surged back in the United States since the 1970s so that the United States is much more unequal than Europe today. We discuss possible interpretations and lessons for the future.},
  journal = {Science (New York, N.Y.)},
  keywords = {Complementar,METADATA,REVISTO},
  number = {6186},
  timestamp = {2018-07-16T13:46:43Z}
}

@book{piketty_o_2014,
  title = {O Capital No S\'eculo {{XXI}}},
  author = {Piketty, Thomas},
  year = {2014},
  publisher = {{Intr\'inseca}},
  address = {{Rio de Janeiro}},
  file = {Piketty - 2014 - O capital no século XXI.pdf:/home/gpetrini/Zotero/storage/PG9ZQJ58/Piketty - 2014 - O capital no século XXI.pdf:application/pdf},
  keywords = {LIVRO,REVISTO},
  timestamp = {2018-07-15T13:32:36Z}
}

@book{pivetti_essay_1992,
  title = {An Essay on the Monetary Theory of Distribution},
  author = {Pivetti, Massimo},
  editor = {Giugni, Marco},
  year = {1991},
  edition = {First},
  publisher = {{Palgrave Macmillan UK}},
  address = {{London}},
  file = {Pivetti_1992_An essay on the monetary theory of distribution:/home/gpetrini/Zotero/storage/NHTHAVWC/Pivetti_1992_An essay on the monetary theory of distribution.pdf:application/pdf},
  keywords = {LIVRO,Principal,REVISTO},
  timestamp = {2018-07-18T13:31:47Z}
}

@techreport{ranaldi_measurement_2018,
  title = {On the {{Measurement}} of {{Functional Income Distribution}}},
  author = {Ranaldi, Marco},
  year = {2018},
  pages = {34},
  address = {{Paris}},
  institution = {{Centre d'Economie de la Sorbonne}},
  abstract = {The present work proposes a framework for the analysis of inequality in income composition. Hinging on the recent work by Ranaldi (2017), we here propose a metric of income-factor polarization, the Income-Factor Polarization Index If , that captures the extent to which two income sources, notably profits and wages, are polarized across the distribution of income. We measure income-factor polarization as the distance between the Polarization Curve for Income Source and the Zero-Polarization Curve, suitably normalized. The former is the cumulative distribution of income source across the population with individuals being indexed by their income rank, and the latter is the benchmark of zero inequality in income composition, defined as the situation in which each individual has the same population share of profits and wages (Ranaldi, 2017). The greater the distance, the higher the polarization. We show that the index narrows down to a single one the two conditions for the rising share of capital income to increase overall income Gini introduced by Milanovic (2017), which is: If {$>$} 0. The methodology is finally illustrated via an empirical application on the case of Italy.},
  file = {Ranaldi - On the Measurement of Functional Income Distributi.pdf:/home/gpetrini/Zotero/storage/JJSM3EIB/Ranaldi - On the Measurement of Functional Income Distributi.pdf:application/pdf},
  keywords = {METADATA,REVISTO},
  timestamp = {2018-07-15T13:11:45Z}
}

@techreport{receita_federal_grandes_2016,
  title = {{Grandes N\'umeros IRPF \textendash{} Ano-Calend\'ario 2016, Exerc\'icio 2017}},
  author = {Receita Federal, Centro de Estudos Tribut{\'a}rios e Aduaneiros},
  year = {2016},
  pages = {36},
  address = {{Bras\'ilia}},
  institution = {{Minist\'erio da Fazenda}},
  file = {Santana et al. - 2016 - Grandes Números IRPF – Ano-Calendário 2016, Exercí.pdf:/home/gpetrini/Zotero/storage/4IMVPQCR/Santana et al. - 2016 - Grandes Números IRPF – Ano-Calendário 2016, Exercí.pdf:application/pdf},
  keywords = {FICHAR,Rever autor},
  timestamp = {2018-07-15T13:27:59Z}
}

@article{ribeiro_o_2016,
  title = {O Endividamento Da Classe Trabalhadora No {{Brasil}} e o Capitalismo Manipulat\'orio},
  author = {Ribeiro, Rodrigo Fernandes and Lara, Ricardo},
  year = {2016},
  pages = {340--359},
  abstract = {Resumo O artigo tem como objetivo abordar o endividamento dos trabalhadores no Brasil e a proposta da "educa\c{c}\~ao financeira". Os n\'umeros do endividamento s\~ao impactantes se comparados com as estat\'isticas do fim do s\'eculo passado. O Relat\'orio de Estabilidade Financeira (REF), publica\c{c}\~ao semestral do Banco Central do Brasil (Bacen), apresentou em 2014 o \'indice de endividamento das fam\'ilias em 45,5\%, referente a dezembro de 2013. A "educa\c{c}\~ao financeira" surge como ideologia estrat\'egica do capital financeiro, com o objetivo de manipular o consumo e controlar os riscos de inadimpl\^encia.},
  file = {Ribeiro, Lara_2016_O endividamento da classe trabalhadora no Brasil e o capitalismo manipulatório:/home/gpetrini/Zotero/storage/F2EDXS6H/Ribeiro, Lara_2016_O endividamento da classe trabalhadora no Brasil e o capitalismo manipulatório.pdf:application/pdf},
  journal = {Servi\c{c}o Social \& Sociedade},
  keywords = {METADATA,Principal,REVISTO},
  number = {126},
  timestamp = {2018-07-16T13:46:54Z}
}

@incollection{robinson_model_1962,
  title = {A Model of Accumulation},
  booktitle = {Essays in the {{Theory}} of {{Economic Growth}}},
  author = {Robinson, Joan},
  year = {1962},
  edition = {First},
  publisher = {{Palgrave Macmillan UK}},
  address = {{London}},
  file = {Robinson (auth.) - 1962 - Essays in the Theory of Economic Growth.pdf:/home/gpetrini/Zotero/storage/9PGXZS8U/Robinson (auth.) - 1962 - Essays in the Theory of Economic Growth.pdf:application/pdf;Robinson (1962).md:/home/gpetrini/Zotero/storage/LJPD7IAN/Robinson (1962).md:text/markdown},
  keywords = {LER,REVISTO},
  timestamp = {2018-09-04T18:02:16Z}
}

@book{rowthorn_capitalism_1980,
  title = {Capitalism, {{Conflict}} and {{Inflation}}: {{Essays}} in {{Political Economy}}},
  shorttitle = {Capitalism, {{Conflict}} and {{Inflation}}},
  author = {Rowthorn, Bob},
  year = {1980},
  publisher = {{Lawrence \& Wishart Ltd}},
  address = {{London}},
  isbn = {978-0-85315-539-3},
  keywords = {LER,REVER,Sem PDF},
  timestamp = {2018-09-04T18:21:57Z}
}

@techreport{rugitsky_rise_2017,
  title = {The Rise and Fall of the {{Brazilian}} Economy (2004-2015): The Economic Antimiracle},
  author = {Rugitsky, Fernando},
  year = {2017},
  pages = {1--44},
  address = {{S\~ao Paulo}},
  institution = {{Department of economics, FEA-USP}},
  abstract = {The aim of this paper is to interpret the recent trajectory of the Brazilian economy, from around 2004 to 2015, focusing on the interaction between demand, income distribution, and the productive structure. An interpretative hypothesis is formulated within a framework that combines an effective demand schedule from the Kaleckian growth and distribution literature and a distributive schedule of Goodwin heritage (following Taylor, 2004, and Barbosa-Filho and Taylor, 2006). Such hypothesis indicates the determinants of the growth acceleration and of the increase of the wage share on income that started around 2004, as well as the determinants of their later reversal. Then, the framework is modified to incorporate sectoral heterogeneity, as suggested by Rugitsky (2016), and a modified hypothesis points out that a cumulative process involving reductions of wage inequality and changes of the productive structure may explain part of the recent Brazilian trajectory. Both hypotheses are examined empirically. The contrast of the cumulative process suggested with the one that seems to have taken place during Brazil's " economic miracle " (1968-1973) allows it to be called an economic antimiracle. Abstract: The aim of this paper is to interpret the recent trajectory of the Brazilian economy, from around 2004 to 2015, focusing on the interaction between demand, income distribution, and the productive structure. An interpretative hypothesis is formulated within a framework that combines an effective demand schedule from the Kaleckian growth and distribution literature and a distributive schedule of Goodwin heritage (following Taylor, 2004, and Barbosa-Filho and Taylor, 2006). Such hypothesis indicates the determinants of the growth acceleration and of the increase of the wage share on income that started around 2004, as well as the determinants of their later reversal. Then, the framework is modified to incorporate sectoral heterogeneity, as suggested by Rugitsky (2016), and a modified hypothesis points out that a cumulative process involving reductions of wage inequality and changes of the productive structure may explain part of the recent Brazilian trajectory. Both hypotheses are examined empirically. The contrast of the cumulative process suggested with the one that seems to have taken place during Brazil's " economic miracle " (1968-1973) allows it to be called an economic antimiracle.},
  file = {Rugitsky_2017_The rise and fall of the Brazilian economy (2004-2015) the economic antimiracle:/home/gpetrini/Zotero/storage/6TZY8Z3C/Rugitsky_2017_The rise and fall of the Brazilian economy (2004-2015) the economic antimiracle.pdf:application/pdf},
  keywords = {Kalecki,Principal,REVISTO},
  timestamp = {2018-07-11T18:18:16Z}
}

@techreport{ryoo_income_2014,
  title = {Income {{Distribution}}, {{Consumer Debt}} and {{Keeping Up}} with the {{Joneses}}},
  author = {Ryoo, Soon and Kim, Yun},
  year = {2014},
  address = {{Rochester, NY}},
  institution = {{Social Science Research Network}},
  url = {https://papers.ssrn.com/abstract=2504287},
  urldate = {2018-09-20},
  abstract = {We extend Kaldor's theory of income distribution to include workers' debt accumulation and their motive to emulate rentiers' consumption. Our results show that (i) the interaction between income distribution and emulation can produce instability; (ii) instability is more likely when the workers' emulation motive is strong and bankers' lending decisions are highly accommodating; and (iii) a plausible assumption on the non-linearity of emulation behavior can generate a limit cycle. Our analysis provides an alternative perspective on the increase in household indebtedness for the decades before the recent crisis and the subsequent deleveraging process.},
  keywords = {Consumer Debt and Keeping Up with the Joneses,Income Distribution,Soon Ryoo,SSRN,Yun Kim},
  number = {ID 2504287},
  timestamp = {2018-09-20T12:30:18Z},
  type = {{{SSRN Scholarly Paper}}}
}

@incollection{saboia_o_2007,
  title = {O {{Sal\'ario M\'inimo}} e Seu {{Potencial}} Para a {{Melhoria}} Da {{Distribui\c{c}\~ao}} de {{Renda}} No {{Brasil}}},
  booktitle = {Desigualdade de Renda No {{Brasil}}: Uma An\'alise Da Queda Recente},
  author = {Saboia, Jo{\~a}o},
  editor = {Barros, Ricardo Paes and Foguel, Miguel Nathan and Ullysea, Gabriel},
  year = {2007},
  volume = {2},
  publisher = {{IPEA}},
  address = {{Bras\'ilia}},
  file = {Saboia - O Salário Mínimo e seu Potencial para a Melhoria d.pdf:/home/gpetrini/Zotero/storage/3TKQWX98/Saboia - O Salário Mínimo e seu Potencial para a Melhoria d.pdf:application/pdf},
  keywords = {REVER},
  timestamp = {2018-07-28T14:07:54Z}
}

@inproceedings{saramago_distribuicao_2018,
  title = {Distribui\c{c}\~ao Funcional Da Renda: Aspectos Conceituais e Metodol\'ogicos e Uma An\'alise de Decomposi\c{c}\~ao Para a Parcela Salarial No {{Brasil}} (1995-2015)},
  booktitle = {{{XXIII ENEP}}},
  author = {Saramago, Hugo Araujo and de Freitas, F{\'a}bio Neves P. and de Medeiros, Carlos Aguiar},
  year = {2018},
  address = {{Niter\'oi}},
  abstract = {A ideia deste trabalho \'e de contribuir para o pouco explorado campo da distribui\c{c}\~ao funcional da renda, analisando a evolu\c{c}\~ao da parcela salarial no Brasil a partir da desagrega\c{c}\~ao da mesma em sal\'ario m\'edio real, produtividade do trabalho e da rela\c{c}\~ao entre os pre\c{c}os dos bens produzidos e dos bens de consumo dos trabalhadores. A partir dos dados da \'ultima refer\^encia do Sistema de Contas Nacionais (SCN), produziu-se de uma base de dados atualizada e compat\'ivel com as recomenda\c{c}\~oes do \'ultimo manual internacional de contas nacionais (SNA 2008) para os dados de renda e emprego at\'e o ano de 1995. Esta foi obtida a partir do uso de uma metodologia que busca dar conta de estender a s\'erie oficial (dispon\'ivel apenas at\'e 2000) e elimina alguns problemas de medida relacionados \`a estrutura de emprego e produto. Ap\'os a produ\c{c}\~ao desta base, foi feita uma an\'alise explorat\'oria dos dados para a economia brasileira. Constatou-se que entre 1995 e 2004 a parcela dos sal\'arios na renda apresentou uma trajet\'oria secular de queda. A partir de 2004, a melhora nas condi\c{c}\~oes macroecon\^omicas e do mercado de trabalho permitiu que a parcela salarial voltasse a crescer a partir de um expressivo aumento do sal\'ario real, o que foi contrabalan\c{c}ado por uma evolu\c{c}\~ao dos pre\c{c}os relativos que permitiu que o crescimento dos sal\'arios pressionasse menos as margens de lucro.},
  file = {Saramago, Hugo Araujo et al. - 2018 - Distribuição funcional da renda aspectos conceitu.pdf:/home/gpetrini/Zotero/storage/6LBR5IX8/Saramago, Hugo Araujo et al. - 2018 - Distribuição funcional da renda aspectos conceitu.pdf:application/pdf},
  keywords = {FICHAR,Principal,REVISTO},
  timestamp = {2018-07-15T13:28:40Z}
}

@techreport{schettini_novas_2011,
  title = {Novas Evid\^encias Emp\'iricas Sobre a Din\^amica Trimestral Do Consumo Agregado Das Fam\'ilias Brasileiras No Per\'iodo 1995-2009},
  author = {Schettini, Bernardo Patta and Dos Santos, Cl{\'a}udio Hamilton Matos and Amitrano, Cl{\'a}udio Roberto and Squeff, Gabriel Coelho and Ribeiro, M{\'a}rcio Bruno and Gouv{\^e}a, Raphael Rocha and Orair, Rodrigo Oct{\'a}vio and Sevilhano Martinez, Thiago},
  year = {2011},
  pages = {1--48},
  address = {{Bras\'ilia}},
  institution = {{Instituto de Pesquisa e Economia Aplicada (IPEA)}},
  file = {Schettini et al._2011_Novas evidências empíricas sobre a dinâmica trimestral do consumo agregado das famílias brasileiras no períod:/home/gpetrini/Zotero/storage/968QX49I/Schettini et al._2011_Novas evidências empíricas sobre a dinâmica trimestral do consumo agregado das famílias brasileiras no períod.pdf:application/pdf},
  keywords = {Complementar,METADATA,REVISTO},
  timestamp = {2018-07-11T18:17:59Z},
  type = {Texto Para Discuss\~ao {{No}} 1614}
}

@incollection{serrano_acumulacao_2001,
  title = {A {{Acumula\c{c}\~ao}} e o {{Gasto Improdutivo}} Na {{Economia}} Do {{Desenvolvimento}}},
  booktitle = {Polariza\c{c}\~ao Mundial e Crescimento},
  author = {Serrano, Franklin},
  editor = {Fiori, J. L. and Medeiros, C.},
  year = {2001},
  abstract = {[ vers\~ao de 15.4.2001] I.ab Introdu\c{c}\~ao O objetivo deste trabalho \'e discutir o papel jogado nas teorias do desenvolvimento e acumula\c{c}\~ao dos n\'iveis e taxas de crescimento do que a economia pol\'itica cl\'assica chamava de 'gasto improdutivo' . A caracter\'istica marcante deste tipo de gasto \'e que ele n\~ao cria capacidade produtiva e , ao mesmo tempo, n\~ao \'e financiado pela folha de sal\'arios da economia. O termo 'gasto improdutivo' ser\'a usado neste trabalho para designar todas as despesas que ajudam a realizar (vender) o produto da economia mas n\~ao criam capacidade produtiva, menos a parte da folha salarial que retorna " automaticamente " ao conjunto das empresas e que representa o consumo induzido dos trabalhadores. 1 Como estamos interessados no papel macroecon\^omico do gasto improdutivo, vamos interpretar esta categoria de gastos num sentido amplo, independente de sua forma espec\'ifica ou do agente ou institui\c{c}\~ao que o efetue. 2 * O autor agradece o apoio financeiro do CNPq e a Fabio Freitas e Carlos Medeiros por in\'umeras discuss\~oes sobre o tema. ** do IE-UFRJ 1 Como os economistas cl\'assicos usualmente supunham que os trabalhadores n\~ao poupavam estes gastos eram com frequ\^encia referidos como gasto improdutivo do excedente. No entanto, quando levamos em conta a possibilidade de poupan\c{c}a dos trabalhadores e que estes tamb\'em podem financiar seu consumo atrav\'es do cr\'edito ou alguma riqueza acumulada fica melhor utilizar o termo mais geral 'gasto improdutivo'. 2 Isso significa que ser\~ao considerados gasto improdutivo para os prop\'ositos deste artigo todos os gastos p\'ublicos (inclusive em investimento pois n\~ao criam diretamente capacidade produtiva para o setor privado), todas as exporta\c{c}\~oes (inclusive de bens de capital, pois n\~ao criam capacidade para a economia que os exporta), o consumo financiado por cr\'edito ou pela riqueza, tanto de propriet\'arios quanto de trabalhadores e tamb\'em alguns gastos que com frequ\^encia s\~ao considerados investimento privado mas n\~ao criam capacidade produtiva como despesas empresariais em geral e em pesquisa \& desenvolvimento e em particular boa parte da constru\c{c}\~ao civil que configura em investimento residencial (compra de im\'oveis para resid\^encia). Esta classifica\c{c}\~ao corresponde ao que Garegnani(1962) chamou de 'demanda final' menos o consumo induzido da folha salarial.},
  file = {Serrano_2001_A Acumulação e o Gasto Improdutivo na Economia do Desenvolvimento:/home/gpetrini/Zotero/storage/ZYB9N5NG/Serrano_2001_A Acumulação e o Gasto Improdutivo na Economia do Desenvolvimento.pdf:application/pdf},
  keywords = {Complementar,FICHAR,REVISTO},
  timestamp = {2018-07-28T01:36:08Z}
}

@techreport{serrano_conflito_2018,
  title = {{Conflito Distributivo e o Fim da ``Breve Era de Ouro'' da Economia Brasileira}},
  author = {Serrano, Franklin and Summa, Ricardo},
  year = {2018},
  pages = {20},
  address = {{Rio de Janeiro}},
  institution = {{Instituto de Economia, Universidade Federal do Rio de Janeiro (IE-UFRJ)}},
  abstract = {O objetivo deste trabalho \'e discutir as causas principais da interrup\c{c}\~ao, a partir de 2015,do processo de crescimento com inclus\~ao social que ocorreu na economia brasileira a partir de meados dos anos 2000, processo que chamaremos de ``Breve Era de Ouro'' da economia brasileira em alus\~ao ao processo semelhante, por\'em bem mais longo e intenso, que ocorreu nos pa\'ises centrais depois da Segunda Guerra Mundial at\'e o inicio da d\'ecada de 70 do s\'eculo passado.},
  annotation = {[no prelo]},
  file = {Serrano, Franklin e Summa, Ricardo - 2018 - Conflito Distributivo e o Fim da “Breve Era de Our.pdf:/home/gpetrini/Zotero/storage/LJ7XMYID/Serrano, Franklin e Summa, Ricardo - 2018 - Conflito Distributivo e o Fim da “Breve Era de Our.pdf:application/pdf},
  keywords = {FICHAR,Principal,Publi_Futura},
  timestamp = {2018-07-26T15:08:50Z}
}

@article{serrano_demanda_2015,
  title = {Demanda Agregada e a Desacelera\c{c}\~ao Do Crescimento Econ\^omico Brasileiro de 2011 a 2014},
  author = {Serrano, Franklin and Summa, Ricardo},
  year = {2015},
  pages = {1--42},
  file = {Serrano, Summa_2015_Demanda agregada e a desaceleração do crescimento econômico brasileiro de 2011 a 2014(2):/home/gpetrini/Zotero/storage/N49V99XR/Serrano, Summa_2015_Demanda agregada e a desaceleração do crescimento econômico brasileiro de 2011 a 2014(2).pdf:application/pdf;Serrano, Summa_2015_Demanda agregada e a desaceleração do crescimento econômico brasileiro de 2011 a 2014:/home/gpetrini/Zotero/storage/WCJE8NBW/Serrano, Summa_2015_Demanda agregada e a desaceleração do crescimento econômico brasileiro de 2011 a 2014.pdf:application/pdf},
  journal = {Center for economic and policy research},
  keywords = {FICHAR,Principal,REVISTO},
  timestamp = {2018-07-15T13:29:27Z}
}

@article{serrano_macroeconomic_2011,
  title = {Macroeconomic {{Policy}}, {{Growth}} and {{Income Distribution}} in the {{Brazilian Economy}} in the 2000s},
  author = {Serrano, Franklin and Summa, Ricardo},
  year = {2011},
  volume = {71},
  pages = {55--92},
  file = {Serrano, Summa_2011_Macroeconomic Policy, Growth and Income Distribution in the Brazilian Economy in the 2000s:/home/gpetrini/Zotero/storage/TN4CGVT7/Serrano, Summa_2011_Macroeconomic Policy, Growth and Income Distribution in the Brazilian Economy in the 2000s.pdf:application/pdf},
  journal = {Investigacion Economica},
  keywords = {brazil,FICHAR,Principal,REVISTO},
  number = {282},
  timestamp = {2018-07-15T13:29:21Z}
}

@article{serrano_o_2000,
  title = {O Modelo de Dois Hiatos e o Supermultiplicador},
  author = {Serrano, Franklin and De Souza, Luiz Daniel Wilxocx},
  year = {2000},
  volume = {4},
  pages = {37--64},
  file = {Serrano_Willcox_2000_O modelo de dois hiatos e o supermultiplicador.pdf:/home/gpetrini/Zotero/storage/5EZ53TRN/Serrano_Willcox_2000_O modelo de dois hiatos e o supermultiplicador.pdf:application/pdf;Fulltext:/home/gpetrini/Zotero/storage/CRLR56HC/Serrano e Willcox - 2000 - O modelo de dois hiatos e o supermultiplicador.pdf:application/pdf},
  journal = {Revista de Economia Contempor\^anea},
  keywords = {FORA,METADATA,REVISTO},
  number = {2},
  timestamp = {2018-07-12T13:30:54Z}
}

@article{serrano_observacoes_2011,
  title = {Observa\c{c}\~oes {{Sobre}} as {{Teorias}} Do {{Crescimento}}},
  author = {Serrano, Franklin},
  year = {2011},
  pages = {1--23},
  url = {http://www.excedente.org/wp-content/uploads/2014/09/observac3a7c3b5es-sobre-as-teorias-do-crescimento-agosto-2011.pdf},
  urldate = {2018-07-10},
  abstract = {O objetivo destas notas \'e duplo. Em primeiro lugar, apresentar da forma mais simples e b\'asica poss\'ivel os aspectos principais das diversas teorias do crescimento, tanto neocl\'assicas quanto heterodoxas. Em segundo lugar, novamente considerando apenas seus aspectos mais essenciais, fazer uma avalia\c{c}\~ao cr\'itica preliminar das diversas teorias, no que diz respeito tanto a consist\^encia l\'ogico-te\'orica quanto \`a poss\'ivel relev\^ancia para o entendimento de alguns fatos estilizados b\'asicos sobre o processo de desenvolvimento. II. As teorias neocl\'assicas do crescimento II.1 O mecanismo de mercado na abordagem neocl\'assica As teorias do crescimento da abordagem neocl\'assica (ou marginalista) s\~ao baseadas na vis\~ao da opera\c{c}\~ao normal do mecanismo de mercado erigida a partir do chamado princ\'ipio da substitui\c{c}\~ao. De acordo com esta vis\~ao, os chamados fatores de produ\c{c}\~ao seriam basicamente substitutos, tanto atrav\'es da substitui\c{c}\~ao direta na produ\c{c}\~ao, em fun\c{c}\~ao inversa de seus pre\c{c}os relativos, quanto por meio da substitui\c{c}\~ao indireta de fatores (que ocorre quando os consumidores substituem os produtos relativamente mais caros, por serem mais intensivos em fatores de produ\c{c}\~ao de pre\c{c}o relativamente mais alto, pelos mais baratos). A suposta exist\^encia em desta geral rela\c{c}\~ao inversa entre a quantidade utilizada de cada " fator de produ\c{c}\~ao " e seu pre\c{c}o relativos permitiria, sob condi\c{c}\~oes competitivas, tanto uma tend\^encia de longo prazo \`a plena utiliza\c{c}\~ao das dota\c{c}\~oes de todos os fatores de produ\c{c}\~ao quanto simultaneamente a caracteriza\c{c}\~ao de seus pre\c{c}os relativos como um \'indice de sua escassez relativa. Nesta abordagem, em condi\c{c}\~oes competitivas (isto \'e, com flexibilidade nominal e real de seus pre\c{c}os) todos os fatores de produ\c{c}\~ao que tenham um pre\c{c}o positivo s\~ao necessariamente escassos e tendem a ser plenamente empregados a longo prazo.},
  file = {Serrano_Unknown_Observações Sobre as Teorias do Crescimento:/home/gpetrini/Zotero/storage/PW4BB6C2/Serrano_Unknown_Observações Sobre as Teorias do Crescimento.pdf:application/pdf},
  journal = {Mimeo},
  keywords = {FICHAR,MIMEO},
  timestamp = {2018-07-15T13:29:06Z}
}

@phdthesis{serrano_sraffian_1995,
  title = {The Sraffian Supermultiplier},
  author = {Serrano, Franklin},
  year = {1995},
  address = {{Cambridge}},
  file = {Fulltext:/home/gpetrini/Zotero/storage/C9WVNTEC/Serrano - 1995 - The sraffian supermultiplier.pdf:application/pdf;Serrano_1995_The sraffian supermultiplier.pdf:/home/gpetrini/Zotero/storage/FVZQV2AN/Serrano_1995_The sraffian supermultiplier.pdf:application/pdf},
  keywords = {METADATA,REVISTO},
  school = {University of Cambridge},
  timestamp = {2018-07-18T20:28:21Z},
  type = {Tese ({{PhD}})}
}

@article{serrano_sraffian_2017,
  title = {The {{Sraffian}} Supermultiplier as an Alternative Closure for Heterodox Growth Theory},
  author = {Serrano, Franklin and Freitas, Fabio},
  year = {2017},
  volume = {14},
  pages = {70--91},
  abstract = {This paper aims to show that the Sraffian supermultiplier model provides an alternative closure for the heterodox analysis of economic growth. The new closure follows from the assumption of the existence of autonomous non-capacity-creating expenditures, which implies that the ratio of the average to the marginal propensity to save is an endogenous variable whose determination allows the marginal propensity to invest to determine the saving ratio without the need for changes in income distribution. Provided it is also assumed that capitalist competition leads to gradual changes in the marginal propensity to invest in order to adjust productive capacity to demand, the new closure (in contrast to the Cambridge and neo-Kaleckian closures) allows us to reconcile demand-led growth, exogenous distribution, and a tendency towards normal capacity utilization.},
  journal = {European Journal of Economics and Economic Policies: Intervention},
  keywords = {METADATA,REVISTO},
  number = {1},
  timestamp = {2018-07-16T13:47:14Z}
}

@article{serrano_sraffian_2017-2,
  title = {The {{Sraffian}} Supermultiplier as an Alternative Closure for Heterodox Growth Theory},
  author = {Serrano, Franklin and Freitas, Fabio},
  year = {2017},
  volume = {14},
  pages = {70--91},
  file = {Serrano_Freitas_2017_The Sraffian supermultiplier as an alternative closure for heterodox growth.pdf:/home/gpetrini/Zotero/storage/EQHSF7NH/Serrano_Freitas_2017_The Sraffian supermultiplier as an alternative closure for heterodox growth.pdf:application/pdf},
  journal = {European Journal of Economics and Economic Policies: Intervention},
  keywords = {REVISTO},
  number = {1},
  timestamp = {2018-07-18T19:38:49Z}
}

@article{serrano_trabajadores_2008,
  title = {Los Trabajadores Gastan Lo Que Ganan: {{Kalecki}} y La Econom\'ia Americana En Los A\~nos 2000},
  author = {Serrano, Franklin},
  year = {2008},
  volume = {3},
  pages = {7--24},
  abstract = {El objetivo de este trabajo es discutir algunos aspectos de la teor\'ia de la de-manda efectiva de Kalecki (1971) a partir del an\'alisis del crecimiento de la econom\'ia americana en las \'ultimas d\'ecadas y particularmente en los a\~nos 2000. A lo largo de este per\'iodo hubo en los Estados Unidos un proceso de creciente concentraci\'on de la riqueza y del ingreso funcional y personal. Al mismo tiem-po el consumo agregado crece tanto como proporci\'on del producto (PIB) como en relaci\'on a la ingreso disponible de \guillemotleft las familias\guillemotright{} de modo tal que cada vez es mayor el coro de los que se preocupan con la baja y descendente tasa de ahorro de la econom\'ia americana. \textquestiondown Ser\'a que esto significa que tanto la idea de Keynes, de que los ricos tienen mayor propensi\'on marginal a ahorrar, como la idea ka-leckiana (que viene de Marx) de que la propensi\'on marginal a ahorrar de los trabajadores es bastante menor que la de los capitalistas est\'a equivocada? En este trabajo vamos a avalar la visi\'on de Kalecki sobre este y otros temas anali-zando el crecimiento de la econom\'ia americana en este per\'iodo a partir de una visi\'on sraffiana de crecimiento liderado por la demanda y utilizando en particu-lar la interpretaci\'on de Barba \& Pivetti (2008) para la evoluci\'on del consumo agregado en Estados Unidos. Adem\'as de esta introducci\'on, el trabajo se divide en siete secciones. En la secci\'on II hacemos brev\'isimas consideraciones gene-rales sobre la compatibilidad de la visi\'on de Kalecki y el enfoque sraffiano. En la secci\'on III presentamos un an\'alisis de la realizaci\'on de la masa agregada de ganancias en Kalecki llamando la atenci\'on sobre el posible papel del cr\'edito al consumidor y de la inversi\'on residencial. Luego analizamos la evoluci\'on de la LOS TRABAJADORES GASTAN LO QUE NO GANAN},
  file = {Serrano_2008_Los trabajadores gastan lo que ganan Kalecki y la economía americana en los años 2000:/home/gpetrini/Zotero/storage/5UW588FV/Serrano_2008_Los trabajadores gastan lo que ganan Kalecki y la economía americana en los años 2000.pdf:application/pdf},
  journal = {Circus},
  keywords = {FICHAR,Principal,REVISTO},
  number = {1},
  timestamp = {2018-07-15T13:29:00Z}
}

@article{setterfield_wage-_2016,
  title = {Wage- versus Profit-Led Growth after 25 Years: An Introduction},
  shorttitle = {Wage- versus Profit-Led Growth after 25 Years},
  author = {Setterfield, Mark},
  year = {2016},
  volume = {4},
  pages = {367--372},
  issn = {20495331, 20495323},
  doi = {10.4337/roke.2016.04.01},
  url = {https://www.elgaronline.com/view/journals/roke/4-4/roke.2016.04.01.xml},
  urldate = {2018-09-12},
  file = {Setterfield_2016_Wage- versus profit-led growth after 25 years.pdf:/home/gpetrini/Zotero/storage/CJQIKAAK/Setterfield_2016_Wage- versus profit-led growth after 25 years.pdf:application/pdf},
  journal = {Review of Keynesian Economics},
  keywords = {REVER},
  number = {4},
  timestamp = {2018-09-12T18:25:41Z}
}

@article{singer_cutucando_2015,
  title = {{Cutucando on\c{c}as com varas curtas: O ensaio desenvolvimentista no primeiro mandato de Dilma Rousseff (2011-2014)}},
  shorttitle = {{Cutucando on\c{c}as com varas curtas}},
  author = {Singer, Andre Vitor},
  year = {2015},
  pages = {43--71},
  journal = {Novos Estudos},
  keywords = {REVISTO},
  number = {102},
  timestamp = {2018-07-18T13:20:43Z}
}

@article{souza_distribuicao_2015,
  title = {A Distribui\c{c}\~ao de Renda Nas Pesquisas Domiciliares Brasileiras: Harmoniza\c{c}\~ao e Compara\c{c}\~ao Entre {{Censos}}, {{PNADs}} e {{POFs}}},
  author = {de Souza, Pedro Herculano Guimar{\~a}es Ferreira},
  year = {2015},
  volume = {32},
  pages = {165--188},
  file = {Souza_2015_A distribuição de renda nas pesquisas domiciliares brasileiras.pdf:/home/gpetrini/Zotero/storage/EP9Z7FSL/Souza_2015_A distribuição de renda nas pesquisas domiciliares brasileiras.pdf:application/pdf},
  journal = {Revista Brasileira de Estudos de Popula\c{c}\~ao},
  keywords = {METADATA,REVISTO},
  number = {1},
  timestamp = {2018-07-16T13:47:22Z}
}

@book{sraffa_producao_1985,
  title = {Produ\c{c}\~ao de {{Mercadorias}} Por {{Meio}} de {{Mercadorias}}: Prel\'udio a Uma {{Cr\'itica}} Da {{Teoria Econ\^omica}}},
  author = {Sraffa, Piero},
  year = {1985},
  publisher = {{Abril Cultural}},
  address = {{S\~ao Paulo}},
  file = {Sraffa_1985_Produção de Mercadorias por Meio de Mercadorias prelúdio a uma Crítica da Teoria Econômica:/home/gpetrini/Zotero/storage/CXXZMVDS/Sraffa_1985_Produção de Mercadorias por Meio de Mercadorias prelúdio a uma Crítica da Teoria Econômica.pdf:application/pdf},
  keywords = {REVISTO},
  timestamp = {2018-07-18T13:21:41Z}
}

@article{stockhammer_rising_2015,
  title = {Rising Inequality as a Cause of the Present Crisis},
  author = {Stockhammer, Engelbert},
  year = {2015},
  volume = {39},
  pages = {935--958},
  journal = {Cambridge Journal of Economics},
  keywords = {METADATA,Principal,REVISTO},
  number = {3},
  timestamp = {2018-07-16T13:47:27Z}
}

@article{streeck_citizens_2012,
  title = {Citizens as {{Customers}}: {{Considerations}} on the {{New Politics}} of {{Consumption}}},
  author = {Streeck, Wolfgang},
  year = {2012},
  pages = {27--47},
  file = {Streeck - Citizens as Customers.pdf:/home/gpetrini/Zotero/storage/5KSTIEBB/Streeck - Citizens as Customers.pdf:application/pdf;O cidadão como consumidor.html:/home/gpetrini/Zotero/storage/Q5EAGC7F/O cidadão como consumidor.html:text/html},
  journal = {New Left Review  (76)},
  keywords = {Complementar,FICHAR,REVISTO},
  timestamp = {2018-07-15T13:29:50Z}
}

@techreport{szymborska_household_2018,
  title = {Household Wealth Structures and Position in the Income Distribution \textendash{} Econometric Analysis for the {{USA}}, 1989-2013},
  author = {Szymborska, Hanna},
  year = {2018},
  pages = {1989--2013},
  address = {{The Open University}},
  institution = {{Post Keynesian Economics Society (PKES)}},
  abstract = {This paper empirically investigates the relationship between household wealth composition and income inequality in the USA between 1989-2013. Interactions between wealth accumulation and income are a vital driver of inequality in capitalist economies. But not enough is known about which types of wealth are more conducive to sustained improvements in household's position in the income distribution. This paper contributes to the literature by estimating how accumulation of different forms of wealth influences income inequality. Using linear regression analysis and non-parametric median slope estimation with data from the U.S. Survey of Consumer Finances between 1989-2013, we find a statistically significant relationship between household balance sheet composition and position in the distribution of income relative to the median. Greater share of primary residence and low- yielding transaction accounts in total asset portfolio, and higher contribution of unsecured debt to overall debt holdings are found to push households away from the median towards the bottom of the income distribution. Higher relative accumulation of business equity, high-yielding financial investment assets, secured debt, retirement and insurance assets, and other property are found to pull households further away from the median towards the top of the income distribution. The latter effects are found not to be shared equally across gender, racial, and intergenerational groups.},
  file = {Szymborska_2018_Household wealth structures and position in the income distribution – econometric analysis for the USA, 1989-2013:/home/gpetrini/Zotero/storage/2MXLGH9G/Szymborska_2018_Household wealth structures and position in the income distribution – econometric analysis for the USA, 1989-2013.pdf:application/pdf},
  keywords = {Complementar,METADATA,REVISTO},
  timestamp = {2018-07-11T18:17:12Z}
}

@article{taylor_stagnationist_1985,
  title = {A Stagnationist Model of Economic Growth},
  author = {Taylor, Lance},
  year = {1985},
  volume = {9},
  pages = {383--403},
  issn = {0309-166X},
  file = {Taylor - 1985 - A stagnationist model of economic growth.pdf:/home/gpetrini/Zotero/storage/ESMUDEDZ/Taylor - 1985 - A stagnationist model of economic growth.pdf:application/pdf},
  journal = {Cambridge Journal of Economics},
  number = {4},
  timestamp = {2018-09-04T18:40:04Z}
}

@article{trezzini_theory_2016,
  title = {The Theory of Output in the Modern Classical Approach: Main Principles and Controversial Issues*},
  shorttitle = {The Theory of Output in the Modern Classical Approach},
  author = {Trezzini, Attilio and Palumbo, Antonella},
  year = {2016},
  volume = {4},
  pages = {503--522},
  issn = {20495331, 20495323},
  doi = {10.4337/roke.2016.04.09},
  url = {https://www.elgaronline.com/view/journals/roke/4-4/roke.2016.04.09.xml},
  urldate = {2018-09-12},
  abstract = {An approach to the theory of output and growth which combines the classical theory of value and distribution with Keynes's principle of effective demand originates from the theoretical contribution of Piero Sraffa. The paper addresses the main lines of this `classical\textendash Keynesian' approach. It also expounds the main questions that animate the debate within the approach.},
  file = {Trezzini_Palumbo_2016_The theory of output in the modern classical approach.pdf:/home/gpetrini/Zotero/storage/JFSWJ4HI/Trezzini_Palumbo_2016_The theory of output in the modern classical approach.pdf:application/pdf},
  journal = {Review of Keynesian Economics},
  keywords = {REVER},
  number = {4},
  timestamp = {2018-09-12T18:26:55Z}
}

@book{veblen_teoria_1965,
  title = {{A teoria da classe ociosa: um estudo econ\^omico das institui\c{c}\~oes}},
  shorttitle = {{A teoria da classe ociosa}},
  author = {Veblen, Thorstein},
  year = {1965},
  publisher = {{Pioneira}},
  address = {{S\~ao Paulo}},
  annotation = {OCLC: 683349119},
  keywords = {LIVRO,REVISTO},
  timestamp = {2018-07-15T13:32:46Z}
}

@article{vincens_interplay_2018,
  title = {The Interplay of Contextual Layers: {{A}} Multilevel Analysis of Income Distribution, Neighborhood Infrastructure, Socioeconomic Position and Self-Rated Health in {{Brazil}}},
  author = {Vincens, Natalia and Emmelin, Maria and Stafstr{\"o}m, Martin},
  year = {2018},
  volume = {52},
  pages = {155--162},
  abstract = {Our hypothesis is that neighborhood infrastructure modifies the association between state-level income distribution and self-rated health. In our findings neighborhood infrastructure amplifies the association between income equality and self-rated health, yet with a differential impact on health according to sex, race and education level favoring individuals at higher socioeconomic positions. Most of the individual health variation attributed to context happens at neighborhood level, based on random effects analyses. Our findings contribute to a further understanding of health inequalities in Brazil. The demonstrated synergism between state, neighborhood and individual level determinants of health supports inter-sectoral policies and interventions in a clearly multileveled way.},
  file = {Vincens, Emmelin, Stafström_2018_The interplay of contextual layers A multilevel analysis of income distribution, neighborhood infrastr:/home/gpetrini/Zotero/storage/IN2A4JHI/Vincens, Emmelin, Stafström_2018_The interplay of contextual layers A multilevel analysis of income distribution, neighborhood infrastr.pdf:application/pdf},
  journal = {Health \& Place},
  keywords = {METADATA,Principal,REVISTO},
  timestamp = {2018-07-16T13:47:39Z}
}


