
@article{01FolhaRosto,
  title = {{01\_folha de rosto.pmd}},
  volume = {2},
  pages = {552},
  file = {01_folha de rosto.pmd.pdf:/home/gpetrini/Zotero/storage/5LWUEUWC/01_folha de rosto.pmd.pdf:application/pdf},
  timestamp = {2019-04-24T14:09:37Z}
}


