
@book{belluzzoDepoisQuedaEconomia2002,
  title = {Depois Da Queda: {{A}} Economia Brasileira Da Crise Da D\'ivida Aos Impasses Do {{Real}}},
  author = {Belluzzo, Luiz Gonzaga and de Almeida, J{\'u}lio Gomes},
  year = {2002},
  publisher = {{Civiliza\c{c}\~ao Brasileira}},
  address = {{Rio de Janeiro}},
  file = {Belluzzo e Almeida - Cap5 e 6 - Depois da Queda.pdf:/home/gpetrini/Zotero/storage/BINYYJS5/Belluzzo e Almeida - Depois da Queda (Cap. 5 e 6).pdf:application/pdf;Belluzzo e Almeida - A crise da dívida e suas repercussões sobre a economia brasileira.pdf:/home/gpetrini/Zotero/storage/LM32QPCB/Belluzzo e Almeida - A crise da dívida e suas repercussões sobre a economia brasileira.pdf:application/pdf;Belluzzo_Almeida-Cap3.pdf:/home/gpetrini/Zotero/storage/LYQGQQ2S/Belluzzo_Almeida-Cap3.pdf:application/pdf;Belluzzo e Almeida - Cap4 - Depois da Queda.pdf:/home/gpetrini/Zotero/storage/NVRALRHF/Belluzzo e Almeida - Depois da Queda (Cap. 4).pdf:application/pdf;Cap7belluzzo_almeida_depois_da_queda.pdf:/home/gpetrini/Zotero/storage/PVDBSVCK/Cap7belluzzo_almeida_depois_da_queda.pdf:application/pdf;belluzzo_almeida_depois_da_queda.pdf:/home/gpetrini/Zotero/storage/Q4SMLMDV/belluzzo_almeida_depois_da_queda.pdf:application/pdf;Cap8 Belluzzo_almeida_depois_da_queda.pdf:/home/gpetrini/Zotero/storage/TQ8VPCTW/Cap8 Belluzzo_almeida_depois_da_queda.pdf:application/pdf},
  timestamp = {2019-03-18T17:39:25Z}
}

@article{biancarelliEraLulaSua2014,
  title = {A {{Era Lula}} e Sua Quest\~ao Econ\^omica Principal: Crescimento, Mercado Interno e Distribui\c{c}\~ao de Renda},
  shorttitle = {A {{Era Lula}} e Sua Quest\~ao Econ\^omica Principal},
  author = {Biancarelli, Andr{\'e} M.},
  year = {2014},
  pages = {263--288},
  issn = {0020-3874},
  doi = {10.11606/issn.2316-901X.v0i58p263-288},
  url = {http://www.scielo.br/scielo.php?script=sci_abstract&pid=S0020-38742014000100012&lng=en&nrm=iso&tlng=pt},
  urldate = {2019-03-18},
  file = {Brasileira Biancarelli (2014).md:/home/gpetrini/Zotero/storage/5ZXR78AI/Brasileira Biancarelli (2014).md:text/markdown;Biancarelli - 2014 - A Era Lula e sua questão econômica principal cres.pdf:/home/gpetrini/Zotero/storage/ERFZKVD7/Biancarelli - 2014 - A Era Lula e sua questão econômica principal cres.pdf:application/pdf},
  journal = {Revista do Instituto de Estudos Brasileiros},
  number = {58},
  timestamp = {2019-03-18T15:32:06Z}
}

@incollection{biancarelliVelhaSenhoraEm2019,
  title = {{A velha senhora, em roupas novas: vulnerabilidade externa no Brasil atual}},
  booktitle = {{Alternativas para o desenvolvimento brasileiro. Novos horizontes para a mudan\c{c}a estrutural com igualdade}},
  author = {Biancarelli, Andr{\'e} Martins},
  editor = {Leite, Marcos Vinicius Chiliatto},
  year = {2019},
  pages = {255},
  file = {Biancarelli - 2019 - A velha senhora, em roupas novas vulnerabilidade .pdf:/home/gpetrini/Zotero/storage/QKZNZCS4/Biancarelli - 2019 - A velha senhora, em roupas novas vulnerabilidade .pdf:application/pdf},
  timestamp = {2019-10-21T17:32:18Z}
}

@article{bielschowskyEstrategiaDesenvolvimentoTres2012,
  title = {{Estrat\'egia de desenvolvimento e as tr\^es frentes de expans\~ao no Brasil: um desenho conceitual}},
  shorttitle = {{Estrat\'egia de desenvolvimento e as tr\^es frentes de expans\~ao no Brasil}},
  author = {Bielschowsky, Ricardo},
  year = {2012},
  volume = {21},
  pages = {729--747},
  issn = {0104-0618},
  doi = {10.1590/S0104-06182012000400002},
  url = {http://www.scielo.br/scielo.php?script=sci_arttext&pid=S0104-06182012000400002&lng=pt&tlng=pt},
  urldate = {2019-03-18},
  abstract = {Development strategies and the three fronts of expansion in Brazil: a conceptual design The article aims at helping to provide a conceptual framework for the Brazilian debate on economic development strategies. It designs a strategy on the basis of the idea of the existence of three demandled ``growth fronts,'' or three ``engines of investment'': mass consumption, natural resources and infrastructure. The article stresses the relevance of putting into action two ``turbo-chargers'' of these three engines of investment; namely technological innovation and the recuperation of traditional productive chains. Finally, the author argues that this formula can be a viable long term pattern of economic growth, analogous to that which occurred in the past as a result of industrialization.},
  file = {Brasileira Bielschowsky (2012).md:/home/gpetrini/Zotero/storage/G8AVN93T/Brasileira Bielschowsky (2012).md:text/markdown;Bielschowsky - 2012 - Estratégia de desenvolvimento e as três frentes de.pdf:/home/gpetrini/Zotero/storage/Y6E5EMQE/Bielschowsky - 2012 - Estratégia de desenvolvimento e as três frentes de.pdf:application/pdf},
  journal = {Economia e Sociedade},
  number = {spe},
  timestamp = {2019-03-18T17:07:32Z}
}

@book{carneiroDesenvolvimentoEmCrise2002,
  title = {Desenvolvimento Em {{Crise}}: A Economia Brasileira No \'Ultimo Quarto Do S\'eculo {{XX}}},
  author = {Carneiro, Ricardo},
  year = {2002},
  publisher = {{Unesp}},
  address = {{S\~ao Paulo}},
  file = {Carneiro - 2002 - Cap3 - Desenvolvimento em Crise.pdf:/home/gpetrini/Zotero/storage/3D66JX6W/Carneiro - 2002 - Desenvolvimento em Crise a economia brasileira no.pdf:application/pdf;carneiro_desenvolvimento_em_crise.pdf:/home/gpetrini/Zotero/storage/6V7EALVT/carneiro_desenvolvimento_em_crise.pdf:application/pdf;Carneiro_(2002)_Cap5.pdf:/home/gpetrini/Zotero/storage/BU9N9EBW/Carneiro_(2002)_Cap5.pdf:application/pdf;Carneiro (2002) - Cap6 - Desenvolvimento em Crise.pdf:/home/gpetrini/Zotero/storage/GHL5GNMY/I.3 CARNEIRO, R. “Desenvolvimento em Crise- a economia brasileira no último quarto do século XX”.pdf:application/pdf;Carneiro (2002) - Cap4 - Desenvolvimento em Crise.pdf:/home/gpetrini/Zotero/storage/NGRPYY6R/Carneiro (2002) - Desenvolvimento em Crise (Cap. 4).pdf:application/pdf;Carneiro (2002, Cap 3) Ruptura do financiamento externo.md:/home/gpetrini/Zotero/storage/R6IS3PHE/Carneiro (2002, Cap 3) Ruptura do financiamento externo.md:text/markdown},
  timestamp = {2019-03-18T17:25:27Z}
}

@book{carneiroSupremaciaDosMercados2006,
  title = {A Supremacia Dos Mercados},
  author = {Carneiro, Ricardo},
  year = {2006},
  file = {Introducao_07-PEF.pdf:/home/gpetrini/Zotero/storage/NA4B2MVL/Introducao_07-PEF.pdf:application/pdf;Prates - SEÇÃO IV A inserção externa da economia brasileira.pdf:/home/gpetrini/Zotero/storage/XBRCUC2N/Prates - SEÇÃO IV A inserção externa da economia brasileira.pdf:application/pdf},
  timestamp = {2019-03-18T18:08:45Z}
}

@incollection{cintraFinanciamentoContasExternas2015,
  title = {O Financiamento Das Contas Externas Brasileiras: 1995-2014},
  booktitle = {Din\^amica Macrossetorial Brasileira},
  author = {Cintra, Marcos Ant{\^o}nio Macedo},
  editor = {Squeff, G.},
  year = {2015},
  publisher = {{IPEA}},
  address = {{Brs\'ilia}},
  url = {http://www.ipea.gov.br/portal/index.php?option=com_content&view=article&id=25098&Itemid=383},
  urldate = {2019-03-18},
  file = {Dinâmica Macrossetorial Brasileira.pdf:/home/gpetrini/Zotero/storage/F87MLNGW/Dinâmica Macrossetorial Brasileira.pdf:application/pdf;Dinâmica Macrossetorial Brasileira:/home/gpetrini/Zotero/storage/EFNAC4JC/index.html:text/html},
  timestamp = {2019-09-15T14:26:46Z}
}

@article{hiratukaTransformacoesNaEstrutura2017,
  title = {Transforma\c{c}\~oes Na Estrutura Produtiva Global, Desindustrializa\c{c}\~ao e Desenvolvimento Industrial No {{Brasil}}},
  author = {Hiratuka, C{\'e}lio and Sarti, Fernando},
  year = {2017},
  volume = {37},
  pages = {189--207},
  issn = {0101-3157},
  doi = {10.1590/0101-31572016v37n01a10},
  url = {http://www.scielo.br/scielo.php?script=sci_abstract&pid=S0101-31572017000100189&lng=en&nrm=iso&tlng=pt},
  urldate = {2019-03-18},
  file = {Full Text PDF:/home/gpetrini/Zotero/storage/MPUSMHMW/Hiratuka e Sarti - 2017 - Transformações na estrutura produtiva global, desi.pdf:application/pdf},
  journal = {Brazilian Journal of Political Economy},
  number = {1},
  timestamp = {2019-03-18T17:11:13Z}
}

@article{jrPlanoRealLuz1996,
  title = {O {{Plano Real}} \`a Luz Da Experi\^encia Mexicana e Argentina},
  author = {Jr, Batista and Nogueira, Paulo},
  year = {1996},
  volume = {10},
  pages = {127--197},
  issn = {0103-4014},
  doi = {10.1590/S0103-40141996000300007},
  url = {http://www.scielo.br/scielo.php?script=sci_abstract&pid=S0103-40141996000300007&lng=en&nrm=iso&tlng=pt},
  urldate = {2019-03-18},
  file = {Full Text PDF:/home/gpetrini/Zotero/storage/Z5G8B3XF/Jr e Nogueira - 1996 - O Plano Real à luz da experiência mexicana e argen.pdf:application/pdf},
  journal = {Estudos Avan\c{c}ados},
  number = {28},
  timestamp = {2019-03-18T17:05:16Z}
}

@techreport{lopreatoAspectosAtuacaoEstatal2015,
  title = {Aspectos Da Atua\c{c}\~ao {{Estatal}} de {{FHC}} a {{Dilma}}},
  author = {Lopreato, Francisco},
  year = {2015},
  pages = {52},
  institution = {{IPEA}},
  url = {http://www.ipea.gov.br/portal/index.php?option=com_content&view=article&id=24503},
  urldate = {2019-03-18},
  file = {Lopreato - 2015 - Aspectos da atuação Estatal de FHC a Dilma.pdf:/home/gpetrini/Zotero/storage/XY4JHYLS/Lopreato - 2015 - Aspectos da atuação Estatal de FHC a Dilma.pdf:application/pdf;Lopreato - 2015 - Aspectos da atuação Estatal de FHC a Dilma.html:/home/gpetrini/Zotero/storage/D4A5B8GJ/Lopreato - 2015 - Aspectos da atuação Estatal de FHC a Dilma.html:text/html},
  number = {2039},
  timestamp = {2019-03-18T17:14:30Z}
}

@techreport{mello_2017_industrialismo,
  title = {{Do industrialismo \`a austeridade: a pol\'itica macro dos governos Dilma}},
  author = {Mello, Guilherme and Rossi, Pedro},
  year = {2017},
  pages = {37},
  file = {Mello e Rossi - Do industrialismo à austeridade a política macro .pdf:/home/gpetrini/Zotero/storage/3YNWKWYG/Mello e Rossi - Do industrialismo à austeridade a política macro .pdf:application/pdf},
  number = {309},
  timestamp = {2020-12-10T14:28:45Z}
}

@misc{PresenteFuturoDesenvolvimento,
  title = {Presente e {{Futuro}} Do {{Desenvolvimento Brasileiro}}},
  url = {http://www.ipea.gov.br/portal/index.php?option=com_content&view=article&id=23279},
  urldate = {2019-03-18},
  file = {Presente e Futuro do Desenvolvimento Brasileiro.pdf:/home/gpetrini/Zotero/storage/J5DY64DJ/Presente e Futuro do Desenvolvimento Brasileiro.pdf:application/pdf;Presente e Futuro do Desenvolvimento Brasileiro:/home/gpetrini/Zotero/storage/63PNH87L/index.html:text/html},
  timestamp = {2019-03-18T17:14:59Z}
}


