
@misc{bastos_2020_impacto,
  title = {{O impacto econ\^omico da pandemia e a contra\c{c}\~ao do PIB: n\~ao \'e culpa da pol\'itica de sa\'ude p\'ublica}},
  shorttitle = {{O impacto econ\^omico da pandemia e a contra\c{c}\~ao do PIB}},
  author = {Bastos, Pedro Paulo Zahluth and {Gomes-Jr}, Luiz Celso and Dourado, Lorena Salces and Petrini, Gabriel and Robilloti, Paulo and Ibarra, Ant{\^o}nio},
  year = {2020},
  abstract = {No Brasil, a desacelera\c{c}\~ao econ\^omica \'e mais r\'apida que a difus\~ao da pandemia e anterior \`a implementa\c{c}\~ao das primeiras pol\'iticas de isolamento social.},
  journal = {Brasil Debate},
  timestamp = {2020-12-14T14:24:43Z}
}

@techreport{bcb_2019_Atualizacoes,
  title = {{Atualiza\c{c}\~oes da estrutura de pondera\c{c}\~ao do IPCA e repercuss\~ao nas suas classifica\c{c}\~oes}},
  author = {BCB},
  year = {2019},
  pages = {5},
  institution = {{Banco Central do Brasil}},
  file = {Atualizações da estrutura de ponderação do IPCA e .pdf:/home/gpetrini/Zotero/storage/ST8ME8L5/Atualizações da estrutura de ponderação do IPCA e .pdf:application/pdf},
  number = {Estudo Especial n\textordmasculine{} 69/2019},
  timestamp = {2020-12-08T21:41:41Z}
}

@article{orairINVESTIMENTOPUBLICONO,
  title = {{INVESTIMENTO P\'UBLICO NO BRASIL: TRAJET\'ORIA E RELA\c{C}\~OES COM O REGIME FISCAL}},
  author = {Orair, Rodrigo Oct{\'a}vio},
  pages = {44},
  file = {Orair - INVESTIMENTO PÚBLICO NO BRASIL TRAJETÓRIA E RELAÇ.pdf:/home/gpetrini/Zotero/storage/SLTP5G79/Orair - INVESTIMENTO PÚBLICO NO BRASIL TRAJETÓRIA E RELAÇ.pdf:application/pdf},
  timestamp = {2020-11-06T19:39:31Z}
}


