
@techreport{casalecchiRetratoDespesasPessoal2019,
  title = {{Retrato das despesas de pessoal no servi\c{c}o p\'ublico federal civil : parte 1}},
  shorttitle = {{Retrato das despesas de pessoal no servi\c{c}o p\'ublico federal civil}},
  author = {Casalecchi, Alessandro Ribeiro de Carvalho},
  year = {2019},
  month = dec,
  address = {{Bras\'ilia}},
  institution = {{Institui\c{c}\~ao Fiscal Independente}},
  url = {https://www2.senado.leg.br/bdsf/handle/id/566654},
  urldate = {2020-01-08},
  abstract = {Oferece um levantamento descritivo das despesas de pessoal no servi\c{c}o p\'ublico federal civil em anos recentes, a partir de uma base de dados p\'ublica (Painel Estat\'istico de Pessoal - PEP). Tamb\'em aborda a quantidade de agentes p\'ublicos no Poder Executivo. Posteriormente, a IFI publicar\'a as demais partes deste levantamento, onde ser\~ao descritos os Poderes Legislativo e Judici\'ario federais. N\~ao se pretende exaurir o tema, dada a sua amplitude, mas sim complementar diversos outros estudos publicados recentemente no pa\'is.},
  copyright = {CC0 1.0 Universal},
  file = {EE11.pdf:/home/gpetrini/Zotero/storage/GLR8IFR6/EE11.pdf:application/pdf},
  language = {pt\_BR},
  timestamp = {2020-01-08T01:18:02Z},
  type = {{texto}}
}

@techreport{casalecchiSimulacaoImpactoPEC2019,
  title = {{Simula\c{c}\~ao do impacto da PEC 6/2019 sobre as despesas do RPPS dos servidores civis da Uni\~ao}},
  author = {Casalecchi, Alessandro Ribeiro de Carvalho and Orair, Rodrigo Oct{\'a}vio and Souza, Pedro Henrique Oliveira},
  year = {2019},
  month = jul,
  address = {{Bras\'ilia}},
  institution = {{Institui\c{c}\~ao Fiscal Independente}},
  url = {https://www2.senado.leg.br/bdsf/handle/id/558845},
  urldate = {2020-01-08},
  abstract = {"Este Estudo Especial busca contribuir para o debate sobre a Reforma da Previd\^encia de 2019. Para tanto, simula as despesas previdenci\'arias do RPPS da Uni\~ao sob tr\^es cen\'arios: (a) regras previdenci\'arias atualmente vigentes, (b) regras previstas na PEC 6/2019, da Reforma da Previd\^encia, em sua vers\~ao original e (c) regras previstas no substitutivo a esta PEC, apresentado em 13 de junho de 2019 na C\^amara dos Deputados. As simula\c{c}\~oes neste estudo refletem tamb\'em o parecer final do relator, pois este n\~ao modificou as regras do RPPS para servidores civis da Uni\~ao em compara\c{c}\~ao com o substitutivo de 13 de junho."},
  file = {Alcolumbre et al. - 2019 - COMISSÃO DIRETORA DO SENADO FEDERAL PRESIDENTE.pdf:/home/gpetrini/Zotero/storage/IKTTVAYV/Alcolumbre et al. - 2019 - COMISSÃO DIRETORA DO SENADO FEDERAL PRESIDENTE.pdf:application/pdf},
  language = {pt\_BR},
  number = {10},
  timestamp = {2020-01-08T01:17:30Z},
  type = {{texto}}
}


