
@phdthesis{brochier_endogenous_2018,
  title = {{Endogenous autonomous expenditures in a Supermultiplier Stock-Flow Consistent model : an appraisal of growth and distribution effects}},
  shorttitle = {{Endogenous autonomous expenditures in a Supermultiplier Stock-Flow Consistent model}},
  author = {Brochier, L{\'i}dia},
  year = {2018},
  address = {{Campinas}},
  abstract = {Resumo: O modelo supermultiplicador (Serrano, 1995; Bortis, 1997) tem ganhado espa\c{c}o no debate p\'os-keynesiano. Na sua vers\~ao mais recente, o modelo combina o gasto aut\^onomo, que cresce a uma taxa dada exogenamente, com o comportamento harrodiano das firmas (Freitas, 2015; Allain, 2015; Lavoie, 2016). Isso permite que a capacidade se ajuste \`a demanda no longo prazo, com o grau de utiliza\c{c}\~ao retornando ao seu n\'ivel considerado normal. O pressuposto de que o crescimento do gasto aut\^onomo \'e ex\'ogeno exclui, quase que por defini\c{c}\~ao, a possibilidade de que altera\c{c}\~oes na distribui\c{c}\~ao de renda e nos gastos induzidos (nas propens\~oes a gastar) tenham efeitos permanentes de crescimento. Al\'em disso, tais modelos s\~ao, em sua maioria, modelos de fluxo que omitem os determinantes financeiros do gasto aut\^onomo e as implica\c{c}\~oes das intera\c{c}\~oes entre fluxos e estoques na economia. Levando isso em considera\c{c}\~ao, a tese se prop\~oe a avaliar os resultados do modelo supermultiplicador quando o pressuposto original - de que o crescimento do componente aut\^onomo de demanda \'e completamente ex\'ogeno - \'e relaxado. A tese ainda busca analisar as caracter\'isticas do modelo supermultiplicador quando estendido a uma estrutura financeira mais complexa, que considere n\~ao apenas os fluxos e o estoque de capital, mas tamb\'em os estoques financeiros. Adota-se para tal a metodologia Stock-Flow Consistent, que permite conciliar ambos objetivos. Procura-se mostrar que a endogeneiza\c{c}\~ao do gasto aut\^onomo altera alguns resultados de longo prazo do modelo original. Isso significa que, assim como nos modelos neo-kaleckianos, \'e poss\'ivel que, no modelo supermultiplicador, mudan\c{c}as na distribui\c{c}\~ao de renda, assim como a expans\~ao da demanda via propens\~oes a gastar, tenham efeitos permanentes de crescimento. Os efeitos de crescimento s\~ao ainda reavaliados em uma estrutura que incorpora (a) o conflito distributivo entre trabalhadores e capitalistas, o crescimento end\'ogeno da produtividade do trabalho e o emprego; (b) a intera\c{c}\~ao entre duas economias semelhantes sob diferentes regimes cambiais. No cap\'itulo dois, A Supermultiplier Stock-Flow Consistent model: the ''return'' of the paradoxes of thrift and costs in the long run?, o gasto aut\^onomo \'e endogeneizado (consumo a partir da riqueza) e os paradoxos da poupan\c{c}a e dos custos s\~ao avaliados no longo prazo. Os resultados das simula\c{c}\~oes num\'ericas indicam que o paradoxo da poupan\c{c}a permanece v\'alido e que uma parcela de lucros mais baixa pode estar associada a taxas mais elevadas de acumula\c{c}\~ao de capital, embora com taxas de lucro mais baixas. No cap\'itulo tr\^es, Conficting-claims and labour market concerns in a Supermultiplier model, o modelo do cap\'itulo dois \'e estendido para dar conta da din\^amica do mercado de trabalho. A infla\c{c}\~ao \'e incorporada no modelo via conflito distributivo entre trabalhadores e capitalistas e o crescimento end\'ogeno da produtividade do trabalho \'e introduzido, configurando a endogeneiza\c{c}\~ao da distribui\c{c}\~ao de renda. No cap\'itulo quatro, Growth and distribution in a Two-Country Supermultiplier Stock-Flow Consistent model, o modelo do cap\'itulo 1 \'e estendido para um sistema de dois pa\'ises com caracter\'isticas semelhantes. Os resultados das simula\c{c}\~oes num\'ericas indicam que tanto uma redu\c{c}\~ao no mark-up das firmas quanto o aumento na propens\~ao a consumir a partir da renda t\^em efeito positivo de crescimento sobre as duas economias em ambos os regimes de c\^ambio, fixo e flutuante. Al\'em disso, se a condi\c{c}\~ao de Marshall-Lerner for v\'alida, a economia que expande sua demanda dom\'estica ganha relativamente mais do que a economia parceira (aumenta a sua participa\c{c}\~ao no estoque de capital do sistema). O regime de c\^ambio ainda influencia, al\'em da distribui\c{c}\~ao de renda, a distribui\c{c}\~ao de riqueza entre as economias. Por fim, um est\'imulo coordenado \`a demanda faz ambas economias crescerem a uma taxa mais elevada em compara\c{c}\~ao a um choque isolado \`a demanda em uma das economias},
  file = {Brochier_2018_Endogenous autonomous expenditures in a Supermultiplier Stock-Flow Consistent.pdf:/home/gpetrini/Zotero/storage/KYVIF4XY/Brochier_2018_Endogenous autonomous expenditures in a Supermultiplier Stock-Flow Consistent.pdf:application/pdf},
  keywords = {METADATA,REVISTO},
  language = {Ingl\^es},
  school = {Universidade Estadual de Campinas/Instituto de Economia},
  timestamp = {2018-07-14T14:33:20Z},
  type = {{Tese (Doutorado)}}
}

@article{brochier_supermultiplier_nodate,
  title = {A Supermultiplier {{Stock}}-{{Flow Consistent}} Model: The ``return'' of the Paradoxes of Thrift and Costs in the Long Run?},
  shorttitle = {A Supermultiplier {{Stock}}-{{Flow Consistent}} Model},
  author = {Brochier, L{\'i}dia and {Macedo e Silva}, Antonio Carlos},
  year = {2018},
  doi = {10.1093/cje/bey008},
  url = {https://academic.oup.com/cje/advance-article/doi/10.1093/cje/bey008/5033971},
  urldate = {2018-11-15},
  abstract = {Abstract.  Supermultiplier models have been recently brought to the post-Keynesian debate. Yet these models still rely on quite simple economic assumptions, bei},
  file = {Brochier_Silva_A supermultiplier Stock-Flow Consistent model.pdf:/home/gpetrini/Zotero/storage/JBUV4YSY/Brochier_Silva_A supermultiplier Stock-Flow Consistent model.pdf:application/pdf},
  journal = {Cambridge Journal of Economics},
  language = {en},
  timestamp = {2019-07-05T13:36:06Z}
}

@article{gisele_ie-ufrj_nodate,
  title = {{{IE}}-{{UFRJ Discussion Paper}}},
  author = {Gisele, Jacqueline},
  pages = {38},
  abstract = {The paper discusses Harrod's ``principle of fundamental instability'' of growth at the warranted rate, using the Sraffian Supermultiplier model, together with Hicks's notions of ``static'' and ``dynamic'' stability, which are related to the distinction between the direction versus the intensity of a disequilibrium adjustment. We explain why growth at Harrod's warranted rate is fundamentally or statically unstable. We then show how the autonomous demand component in the Sraffian Supermultiplier eliminates Harrodian instability and that the dynamic stability of the supermultiplier depends on the marginal propensity to spend remaining lower than one during the adjustment, a modified ``Keynesian stability'' condition.},
  file = {Gisele - IE-UFRJ Discussion Paper.pdf:/home/gpetrini/Zotero/storage/MIX3GCNR/Gisele - IE-UFRJ Discussion Paper.pdf:application/pdf},
  language = {en},
  timestamp = {2018-09-26T14:26:21Z}
}

@inproceedings{mandarino_households_2018,
  title = {Households' {{Debt}}-Nanced {{Consumption}}: {{A Supermultiplier SFC}} Model},
  booktitle = {I {{Encontro}} de {{Economia}} de {{Jovens Pesquisadores IE}}-{{UFRJ}} \& {{IE}}-{{UNICAMP}}},
  author = {Mandarino, Gabriel Mandarino},
  year = {2018},
  address = {{Campinas}},
  abstract = {In the original version of the Sraan Supermultiplier growth model, the autonomous component of demand (Z) is said to be the workers' consumption nanced by credit. Our main objective is to comprehend the implications of the Supermultiplier growth model with workers' debt framed by the Stock-Flow Consistent approach. We run tests in our SFC model, shocking variables such as the in-terest rate and the wage share to comprehend their main eects. Results follow the original model, and presents new ones.},
  keywords = {METADATA,MIMEO,REVISTO},
  timestamp = {2018-07-12T19:13:53Z}
}


